"Data";"Hora";"Moeda";"Categoria";"Quantidade";"Saldo"
"08/12/2023";"19:54:01";"cReal";"Depósito de carteira externa";"CREAL 182,97000000";"CREAL 182,97000000"
"30/11/2023";"18:46:44";"Bitcoin";"Retirada para carteira externa";"-BTC 0,03594219";"BTC 0,00000000"
"30/11/2023";"18:46:44";"Bitcoin";"Taxa de mineração, prioridade normal";"-BTC 0,00046750";"BTC 0,03594219"
"29/11/2023";"07:36:02";"Bitcoin";"Taxa sobre compra - Executora";"-BTC 0,00011224";"BTC 0,03640969"
"29/11/2023";"07:36:02";"Bitcoin";"Compra";"BTC 0,02244885";"BTC 0,03652193"
"29/11/2023";"07:36:02";"Bitcoin";"Taxa sobre compra - Executora";"-BTC 0,00000299";"BTC 0,01407308"
"29/11/2023";"07:36:02";"Bitcoin";"Compra";"BTC 0,00059900";"BTC 0,01407607"
"29/11/2023";"07:36:02";"Real Brasileiro";"Compra";"-R$ 4.188,28";"R$ 0,64"
"29/11/2023";"07:36:02";"Real Brasileiro";"Compra";"-R$ 111,72";"R$ 4.188,92"
"29/11/2023";"07:32:42";"Real Brasileiro";"Depósito bancário";"R$ 4.300,00";"R$ 4.300,64"
"28/11/2023";"11:10:18";"Bitcoin";"Taxa sobre compra - Executora";"-BTC 0,00006769";"BTC 0,01347707"
"28/11/2023";"11:10:18";"Bitcoin";"Compra";"BTC 0,01353896";"BTC 0,01354476"
"28/11/2023";"11:10:18";"Bitcoin";"Taxa sobre compra - Executora";"-BTC 0,00000001";"BTC 0,00000580"
"28/11/2023";"11:10:18";"Bitcoin";"Compra";"BTC 0,00000316";"BTC 0,00000581"
"28/11/2023";"11:10:18";"Bitcoin";"Compra";"BTC 0,00000045";"BTC 0,00000265"
"28/11/2023";"11:10:18";"Bitcoin";"Taxa sobre compra - Executora";"-BTC 0,00000001";"BTC 0,00000220"
"28/11/2023";"11:10:18";"Bitcoin";"Compra";"BTC 0,00000221";"BTC 0,00000221"
"28/11/2023";"11:10:18";"Real Brasileiro";"Compra";"-R$ 2.498,93";"R$ 0,64"
"28/11/2023";"11:10:18";"Real Brasileiro";"Compra";"-R$ 0,58";"R$ 2.499,56"
"28/11/2023";"11:10:18";"Real Brasileiro";"Compra";"-R$ 0,08";"R$ 2.500,15"
"28/11/2023";"11:10:18";"Real Brasileiro";"Compra";"-R$ 0,41";"R$ 2.500,23"
"28/11/2023";"11:07:42";"Real Brasileiro";"Depósito bancário";"R$ 2.500,00";"R$ 2.500,64"
"10/11/2023";"06:45:11";"Ethereum";"Retirada para carteira externa";"-ETH 1,04696718";"ETH 0,00000000"
"10/11/2023";"06:45:11";"Ethereum";"Taxa de mineração, prioridade normal";"-ETH 0,00330522";"ETH 1,04696718"
"09/11/2023";"09:21:02";"Ethereum";"Taxa sobre compra - Executora";"-ETH 0,00027671";"ETH 1,05027240"
"09/11/2023";"09:21:02";"Ethereum";"Compra";"ETH 0,05534329";"ETH 1,05054911"
"09/11/2023";"09:21:02";"Ethereum";"Taxa sobre compra - Executora";"-ETH 0,00000027";"ETH 0,99520582"
"09/11/2023";"09:21:02";"Ethereum";"Compra";"ETH 0,00005554";"ETH 0,99520609"
"09/11/2023";"09:21:02";"Ethereum";"Taxa sobre compra - Executora";"-ETH 0,00000033";"ETH 0,99515055"
"09/11/2023";"09:21:02";"Ethereum";"Compra";"ETH 0,00006732";"ETH 0,99515088"
"09/11/2023";"09:21:02";"Ethereum";"Taxa sobre compra - Executora";"-ETH 0,00500000";"ETH 0,99508356"
"09/11/2023";"09:21:02";"Ethereum";"Compra";"ETH 1,00000000";"ETH 1,00008356"
"09/11/2023";"09:21:02";"Ethereum";"Taxa sobre compra - Executora";"-ETH 0,00000041";"ETH 0,00008356"
"09/11/2023";"09:21:02";"Ethereum";"Compra";"ETH 0,00008397";"ETH 0,00008397"
"09/11/2023";"09:21:02";"Real Brasileiro";"Compra";"-R$ 525,04";"R$ 0,64"
"09/11/2023";"09:21:02";"Real Brasileiro";"Compra";"-R$ 0,53";"R$ 525,68"
"09/11/2023";"09:21:02";"Real Brasileiro";"Compra";"-R$ 0,64";"R$ 526,21"
"09/11/2023";"09:21:02";"Real Brasileiro";"Compra";"-R$ 9.473,00";"R$ 526,84"
"09/11/2023";"09:21:02";"Real Brasileiro";"Compra";"-R$ 0,79";"R$ 9.999,84"
"09/11/2023";"07:52:47";"Real Brasileiro";"Depósito bancário";"R$ 10.000,00";"R$ 10.000,64"
"08/11/2023";"16:24:39";"Ethereum";"Retirada para carteira externa";"-ETH 1,11305073";"ETH 0,00000000"
"08/11/2023";"16:24:39";"Ethereum";"Taxa de mineração, prioridade normal";"-ETH 0,00526633";"ETH 1,11305073"
"08/11/2023";"16:18:12";"Ethereum";"Taxa sobre compra - Executora";"-ETH 0,00035539";"ETH 1,11831706"
"08/11/2023";"16:18:12";"Ethereum";"Compra";"ETH 0,07107889";"ETH 1,11867245"
"08/11/2023";"16:18:12";"Ethereum";"Taxa sobre compra - Executora";"-ETH 0,00028507";"ETH 1,04759356"
"08/11/2023";"16:18:12";"Ethereum";"Compra";"ETH 0,05701449";"ETH 1,04787863"
"08/11/2023";"16:18:12";"Ethereum";"Taxa sobre compra - Executora";"-ETH 0,00000044";"ETH 0,99086414"
"08/11/2023";"16:18:12";"Ethereum";"Compra";"ETH 0,00008863";"ETH 0,99086458"
"08/11/2023";"16:18:12";"Ethereum";"Taxa sobre compra - Executora";"-ETH 0,00497868";"ETH 0,99077595"
"08/11/2023";"16:18:12";"Ethereum";"Compra";"ETH 0,99573788";"ETH 0,99575463"
"08/11/2023";"16:18:12";"Ethereum";"Taxa sobre compra - Executora";"-ETH 0,00000008";"ETH 0,00001675"
"08/11/2023";"16:18:12";"Ethereum";"Compra";"ETH 0,00001683";"ETH 0,00001683"
"08/11/2023";"16:18:12";"Real Brasileiro";"Compra";"-R$ 667,64";"R$ 0,64"
"08/11/2023";"16:18:12";"Real Brasileiro";"Compra";"-R$ 535,37";"R$ 668,28"
"08/11/2023";"16:18:12";"Real Brasileiro";"Compra";"-R$ 0,83";"R$ 1.203,65"
"08/11/2023";"16:18:12";"Real Brasileiro";"Compra";"-R$ 9.345,00";"R$ 1.204,48"
"08/11/2023";"16:18:12";"Real Brasileiro";"Compra";"-R$ 0,16";"R$ 10.549,48"
"07/11/2023";"15:22:11";"Ethereum";"Retirada para carteira externa";"-ETH 0,99921599";"ETH 0,00000000"
"07/11/2023";"15:22:11";"Ethereum";"Taxa de mineração, prioridade normal";"-ETH 0,00406976";"ETH 0,99921599"
"07/11/2023";"12:37:46";"Real Brasileiro";"Depósito bancário";"R$ 9.750,00";"R$ 10.549,64"
"07/11/2023";"10:59:29";"Ethereum";"Taxa sobre compra - Executora";"-ETH 0,00003956";"ETH 1,00328575"
"07/11/2023";"10:59:29";"Ethereum";"Compra";"ETH 0,00791293";"ETH 1,00332531"
"07/11/2023";"10:59:29";"Ethereum";"Taxa sobre compra - Executora";"-ETH 0,00000005";"ETH 0,99541238"
"07/11/2023";"10:59:29";"Ethereum";"Compra";"ETH 0,00001032";"ETH 0,99541243"
"07/11/2023";"10:59:29";"Ethereum";"Taxa sobre compra - Executora";"-ETH 0,00000038";"ETH 0,99540211"
"07/11/2023";"10:59:29";"Ethereum";"Compra";"ETH 0,00007670";"ETH 0,99540249"
"07/11/2023";"10:59:29";"Ethereum";"Taxa sobre compra - Executora";"-ETH 0,00000017";"ETH 0,99532579"
"07/11/2023";"10:59:29";"Ethereum";"Compra";"ETH 0,00003521";"ETH 0,99532596"
"07/11/2023";"10:59:29";"Ethereum";"Taxa sobre compra - Executora";"-ETH 0,00000031";"ETH 0,99529075"
"07/11/2023";"10:59:29";"Ethereum";"Compra";"ETH 0,00006365";"ETH 0,99529106"
"07/11/2023";"10:59:29";"Ethereum";"Taxa sobre compra - Executora";"-ETH 0,00000038";"ETH 0,99522741"
"07/11/2023";"10:59:29";"Ethereum";"Compra";"ETH 0,00007784";"ETH 0,99522779"
"07/11/2023";"10:59:29";"Ethereum";"Taxa sobre compra - Executora";"-ETH 0,00000002";"ETH 0,99514995"
"07/11/2023";"10:59:29";"Ethereum";"Compra";"ETH 0,00000447";"ETH 0,99514997"
"07/11/2023";"10:59:29";"Ethereum";"Taxa sobre compra - Executora";"-ETH 0,00000004";"ETH 0,99514550"
"07/11/2023";"10:59:29";"Ethereum";"Compra";"ETH 0,00000827";"ETH 0,99514554"
"07/11/2023";"10:59:29";"Ethereum";"Taxa sobre compra - Executora";"-ETH 0,00000014";"ETH 0,99513727"
"07/11/2023";"10:59:29";"Ethereum";"Compra";"ETH 0,00002877";"ETH 0,99513741"
"07/11/2023";"10:59:29";"Ethereum";"Taxa sobre compra - Executora";"-ETH 0,00500000";"ETH 0,99510864"
"07/11/2023";"10:59:29";"Ethereum";"Compra";"ETH 1,00000000";"ETH 1,00010864"
"07/11/2023";"10:59:29";"Ethereum";"Taxa sobre compra - Executora";"-ETH 0,00000028";"ETH 0,00010864"
"07/11/2023";"10:59:29";"Ethereum";"Compra";"ETH 0,00005755";"ETH 0,00010892"
"07/11/2023";"10:59:29";"Ethereum";"Taxa sobre compra - Executora";"-ETH 0,00000025";"ETH 0,00005137"
"07/11/2023";"10:59:29";"Ethereum";"Compra";"ETH 0,00005162";"ETH 0,00005162"
"07/11/2023";"10:59:29";"Real Brasileiro";"Compra";"-R$ 73,19";"R$ 799,64"
"07/11/2023";"10:59:29";"Real Brasileiro";"Compra";"-R$ 0,10";"R$ 872,82"
"07/11/2023";"10:59:29";"Real Brasileiro";"Compra";"-R$ 0,71";"R$ 872,92"
"07/11/2023";"10:59:29";"Real Brasileiro";"Compra";"-R$ 0,32";"R$ 873,63"
"07/11/2023";"10:59:29";"Real Brasileiro";"Compra";"-R$ 0,59";"R$ 873,95"
"07/11/2023";"10:59:29";"Real Brasileiro";"Compra";"-R$ 0,72";"R$ 874,54"
"07/11/2023";"10:59:29";"Real Brasileiro";"Compra";"-R$ 0,04";"R$ 875,26"
"07/11/2023";"10:59:29";"Real Brasileiro";"Compra";"-R$ 0,08";"R$ 875,30"
"07/11/2023";"10:59:29";"Real Brasileiro";"Compra";"-R$ 0,26";"R$ 875,37"
"07/11/2023";"10:59:29";"Real Brasileiro";"Compra";"-R$ 9.173,00";"R$ 875,64"
"07/11/2023";"10:59:29";"Real Brasileiro";"Compra";"-R$ 0,53";"R$ 10.048,64"
"07/11/2023";"10:59:29";"Real Brasileiro";"Compra";"-R$ 0,47";"R$ 10.049,16"
"07/11/2023";"10:54:35";"Real Brasileiro";"Venda";"R$ 0,11";"R$ 10.049,64"
"07/11/2023";"10:54:35";"Real Brasileiro";"Venda";"R$ 44,72";"R$ 10.049,53"
"07/11/2023";"10:54:35";"Real Brasileiro";"Venda";"R$ 3,99";"R$ 10.004,81"
"07/11/2023";"10:54:35";"cReal";"Venda";"-CREAL 0,11025235";"CREAL 0,00000000"
"07/11/2023";"10:54:35";"cReal";"Venda";"-CREAL 46,53485953";"CREAL 0,11025235"
"07/11/2023";"10:54:35";"cReal";"Venda";"-CREAL 4,14488812";"CREAL 46,64511188"
"07/11/2023";"10:47:46";"Real Brasileiro";"Depósito bancário";"R$ 10.000,00";"R$ 10.000,82"
"10/08/2023";"16:03:02";"cReal";"Depósito de carteira externa";"CREAL 50,79000000";"CREAL 50,79000000"
"11/07/2023";"06:40:11";"Bitcoin";"Retirada para carteira externa";"-BTC 0,03842010";"BTC 0,00000000"
"11/07/2023";"06:40:11";"Bitcoin";"Taxa de mineração, prioridade normal";"-BTC 0,00010285";"BTC 0,03842010"
"11/07/2023";"06:36:50";"Bitcoin";"Taxa sobre compra - Executora";"-BTC 0,00019358";"BTC 0,03852295"
"11/07/2023";"06:36:50";"Bitcoin";"Compra";"BTC 0,03871653";"BTC 0,03871653"
"11/07/2023";"06:36:50";"Real Brasileiro";"Compra";"-R$ 5.758,00";"R$ 0,82"
"11/07/2023";"06:35:58";"Real Brasileiro";"Venda";"R$ 258,45";"R$ 5.758,82"
"11/07/2023";"06:35:58";"cReal";"Venda";"-CREAL 268,38000000";"CREAL 0,00000000"
"11/07/2023";"06:32:45";"Real Brasileiro";"Depósito bancário";"R$ 5.500,00";"R$ 5.500,37"
"10/07/2023";"17:09:04";"cReal";"Depósito de carteira externa";"CREAL 193,12000000";"CREAL 268,38000000"
"05/07/2023";"16:54:46";"cReal";"Depósito de carteira externa";"CREAL 75,26000000";"CREAL 75,26000000"
"03/07/2023";"16:47:45";"Bitcoin";"Retirada para carteira externa";"-BTC 0,02881624";"BTC 0,00000000"
"03/07/2023";"16:47:45";"Bitcoin";"Taxa de mineração, prioridade normal";"-BTC 0,00019635";"BTC 0,02881624"
"03/07/2023";"16:45:52";"Bitcoin";"Taxa sobre compra - Executora";"-BTC 0,00014579";"BTC 0,02901259"
"03/07/2023";"16:45:52";"Bitcoin";"Compra";"BTC 0,02915838";"BTC 0,02915838"
"03/07/2023";"16:45:52";"Real Brasileiro";"Compra";"-R$ 4.400,00";"R$ 0,37"
"03/07/2023";"16:42:43";"Real Brasileiro";"Depósito bancário";"R$ 4.400,00";"R$ 4.400,37"
"29/06/2023";"13:55:46";"Bitcoin";"Retirada para carteira externa";"-BTC 0,01975439";"BTC 0,00000000"
"29/06/2023";"13:55:46";"Bitcoin";"Taxa de mineração, prioridade normal";"-BTC 0,00025245";"BTC 0,01975439"
"29/06/2023";"13:53:41";"Bitcoin";"Taxa sobre compra - Executora";"-BTC 0,00010053";"BTC 0,02000684"
"29/06/2023";"13:53:41";"Bitcoin";"Compra";"BTC 0,02010737";"BTC 0,02010737"
"29/06/2023";"13:53:41";"Real Brasileiro";"Compra";"-R$ 3.000,00";"R$ 0,37"
"29/06/2023";"13:52:50";"Real Brasileiro";"Depósito bancário";"R$ 3.000,00";"R$ 3.000,37"
"28/06/2023";"09:01:43";"Ethereum";"Retirada para carteira externa";"-ETH 1,24233872";"ETH 0,00000000"
"28/06/2023";"09:01:43";"Ethereum";"Taxa de mineração, prioridade normal";"-ETH 0,00180973";"ETH 1,24233872"
"28/06/2023";"08:35:58";"Ethereum";"Taxa sobre compra - Executora";"-ETH 0,00111000";"ETH 1,24414845"
"28/06/2023";"08:35:58";"Ethereum";"Compra";"ETH 0,22200000";"ETH 1,24525845"
"28/06/2023";"08:35:58";"Real Brasileiro";"Compra";"-R$ 1.998,00";"R$ 0,37"
"28/06/2023";"08:17:44";"Real Brasileiro";"Depósito bancário";"R$ 1.998,00";"R$ 1.998,37"
"27/06/2023";"07:39:10";"Bitcoin";"Retirada para carteira externa";"-BTC 0,03710569";"BTC 0,00000000"
"27/06/2023";"07:39:10";"Bitcoin";"Taxa de mineração, prioridade normal";"-BTC 0,00023375";"BTC 0,03710569"
"27/06/2023";"07:12:15";"Bitcoin";"Taxa sobre compra - Executora";"-BTC 0,00013619";"BTC 0,03733944"
"27/06/2023";"07:12:15";"Bitcoin";"Compra";"BTC 0,02723953";"BTC 0,03747563"
"27/06/2023";"07:12:15";"Bitcoin";"Taxa sobre compra - Executora";"-BTC 0,00002631";"BTC 0,01023610"
"27/06/2023";"07:12:15";"Bitcoin";"Compra";"BTC 0,00526200";"BTC 0,01026241"
"27/06/2023";"07:12:15";"Bitcoin";"Taxa sobre compra - Executora";"-BTC 0,00002512";"BTC 0,00500041"
"27/06/2023";"07:12:15";"Bitcoin";"Compra";"BTC 0,00502553";"BTC 0,00502553"
"27/06/2023";"07:12:15";"Real Brasileiro";"Compra";"-R$ 3.994,13";"R$ 0,37"
"27/06/2023";"07:12:15";"Real Brasileiro";"Compra";"-R$ 770,88";"R$ 3.994,50"
"27/06/2023";"07:12:15";"Real Brasileiro";"Compra";"-R$ 734,98";"R$ 4.765,39"
"27/06/2023";"07:02:47";"Real Brasileiro";"Depósito bancário";"R$ 5.500,00";"R$ 5.500,37"
"23/06/2023";"08:52:19";"Bitcoin";"Retirada para carteira externa";"-BTC 0,13177560";"BTC 0,00000000"
"23/06/2023";"08:52:19";"Bitcoin";"Taxa de mineração, prioridade normal";"-BTC 0,00033660";"BTC 0,13177560"
"21/06/2023";"08:50:40";"Bitcoin";"Taxa sobre compra - Executora";"-BTC 0,00035316";"BTC 0,13211220"
"21/06/2023";"08:50:40";"Bitcoin";"Compra";"BTC 0,07063348";"BTC 0,13246536"
"21/06/2023";"08:50:40";"Real Brasileiro";"Compra";"-R$ 9.880,00";"R$ 0,37"
"21/06/2023";"08:27:45";"Real Brasileiro";"Depósito bancário";"R$ 9.880,00";"R$ 9.880,37"
"20/06/2023";"18:27:07";"Bitcoin";"Taxa sobre compra - Executora";"-BTC 0,00012145";"BTC 0,06183188"
"20/06/2023";"18:27:07";"Bitcoin";"Compra";"BTC 0,02429031";"BTC 0,06195333"
"20/06/2023";"18:27:07";"Bitcoin";"Taxa sobre compra - Executora";"-BTC 0,00000262";"BTC 0,03766302"
"20/06/2023";"18:27:07";"Bitcoin";"Compra";"BTC 0,00052400";"BTC 0,03766564"
"20/06/2023";"18:27:07";"Bitcoin";"Taxa sobre compra - Executora";"-BTC 0,00000407";"BTC 0,03714164"
"20/06/2023";"18:27:07";"Bitcoin";"Compra";"BTC 0,00081500";"BTC 0,03714571"
"20/06/2023";"18:27:07";"Bitcoin";"Taxa sobre compra - Executora";"-BTC 0,00002255";"BTC 0,03633071"
"20/06/2023";"18:27:07";"Bitcoin";"Compra";"BTC 0,00451100";"BTC 0,03635326"
"20/06/2023";"18:27:07";"Bitcoin";"Taxa sobre compra - Executora";"-BTC 0,00003686";"BTC 0,03184226"
"20/06/2023";"18:27:07";"Bitcoin";"Compra";"BTC 0,00737200";"BTC 0,03187912"
"20/06/2023";"18:27:07";"Bitcoin";"Taxa sobre compra - Executora";"-BTC 0,00003685";"BTC 0,02450712"
"20/06/2023";"18:27:07";"Bitcoin";"Compra";"BTC 0,00737100";"BTC 0,02454397"
"20/06/2023";"18:27:07";"Bitcoin";"Taxa sobre compra - Executora";"-BTC 0,00004436";"BTC 0,01717297"
"20/06/2023";"18:27:07";"Bitcoin";"Compra";"BTC 0,00887200";"BTC 0,01721733"
"20/06/2023";"18:27:07";"Bitcoin";"Taxa sobre compra - Executora";"-BTC 0,00002562";"BTC 0,00834533"
"20/06/2023";"18:27:07";"Bitcoin";"Compra";"BTC 0,00512500";"BTC 0,00837095"
"20/06/2023";"18:27:07";"Bitcoin";"Taxa sobre compra - Executora";"-BTC 0,00001627";"BTC 0,00324595"
"20/06/2023";"18:27:07";"Bitcoin";"Compra";"BTC 0,00325406";"BTC 0,00326222"
"20/06/2023";"18:27:07";"Bitcoin";"Taxa sobre compra - Executora";"-BTC 0,00000004";"BTC 0,00000816"
"20/06/2023";"18:27:07";"Bitcoin";"Compra";"BTC 0,00000820";"BTC 0,00000820"
"20/06/2023";"18:27:07";"Real Brasileiro";"Compra";"-R$ 3.304,75";"R$ 0,37"
"20/06/2023";"18:27:07";"Real Brasileiro";"Compra";"-R$ 71,26";"R$ 3.305,12"
"20/06/2023";"18:27:07";"Real Brasileiro";"Compra";"-R$ 110,84";"R$ 3.376,38"
"20/06/2023";"18:27:07";"Real Brasileiro";"Compra";"-R$ 613,50";"R$ 3.487,22"
"20/06/2023";"18:27:07";"Real Brasileiro";"Compra";"-R$ 1.002,59";"R$ 4.100,72"
"20/06/2023";"18:27:07";"Real Brasileiro";"Compra";"-R$ 1.002,46";"R$ 5.103,31"
"20/06/2023";"18:27:07";"Real Brasileiro";"Compra";"-R$ 1.206,59";"R$ 6.105,76"
"20/06/2023";"18:27:07";"Real Brasileiro";"Compra";"-R$ 697,00";"R$ 7.312,36"
"20/06/2023";"18:27:07";"Real Brasileiro";"Compra";"-R$ 441,90";"R$ 8.009,36"
"20/06/2023";"18:27:07";"Real Brasileiro";"Compra";"-R$ 1,11";"R$ 8.451,26"
"20/06/2023";"16:22:39";"Real Brasileiro";"Depósito bancário";"R$ 8.400,00";"R$ 8.452,37"
"03/06/2023";"10:15:22";"Ethereum";"Taxa sobre compra - Executora";"-ETH 0,00063298";"ETH 1,02325845"
"03/06/2023";"10:15:22";"Ethereum";"Compra";"ETH 0,12659682";"ETH 1,02389143"
"03/06/2023";"10:15:22";"Ethereum";"Taxa sobre compra - Executora";"-ETH 0,00001075";"ETH 0,89729461"
"03/06/2023";"10:15:22";"Ethereum";"Compra";"ETH 0,00215000";"ETH 0,89730536"
"03/06/2023";"10:15:22";"Ethereum";"Taxa sobre compra - Executora";"-ETH 0,00449826";"ETH 0,89515536"
"03/06/2023";"10:15:22";"Ethereum";"Compra";"ETH 0,89965362";"ETH 0,89965362"
"03/06/2023";"10:15:22";"Real Brasileiro";"Compra";"-R$ 1.208,49";"R$ 52,37"
"03/06/2023";"10:15:22";"Real Brasileiro";"Compra";"-R$ 20,51";"R$ 1.260,86"
"03/06/2023";"10:15:22";"Real Brasileiro";"Compra";"-R$ 8.571,00";"R$ 1.281,37"
"03/06/2023";"09:57:38";"Real Brasileiro";"Depósito bancário";"R$ 9.852,37";"R$ 9.852,37"
"02/06/2023";"11:15:59";"Celo";"Depósito de carteira externa";"CELO 0,00413444";"CELO 0,00413444"
"05/05/2023";"05:51:11";"Bitcoin";"Retirada para carteira externa";"-BTC 0,10165895";"BTC 0,00000000"
"05/05/2023";"05:51:11";"Bitcoin";"Taxa de mineração, prioridade normal";"-BTC 0,00115005";"BTC 0,10165895"
"05/05/2023";"05:40:04";"Bitcoin";"Taxa sobre compra - Executora";"-BTC 0,00046558";"BTC 0,10280756"
"05/05/2023";"05:40:04";"Bitcoin";"Compra";"BTC 0,09311680";"BTC 0,10327314"
"05/05/2023";"05:40:04";"Bitcoin";"Taxa sobre compra - Executora";"-BTC 0,00002481";"BTC 0,01015634"
"05/05/2023";"05:40:04";"Bitcoin";"Compra";"BTC 0,00496337";"BTC 0,01018115"
"05/05/2023";"05:40:04";"Bitcoin";"Taxa sobre compra - Executora";"-BTC 0,00002622";"BTC 0,00521778"
"05/05/2023";"05:40:04";"Bitcoin";"Compra";"BTC 0,00524400";"BTC 0,00524400"
"05/05/2023";"05:40:04";"Real Brasileiro";"Compra";"-R$ 13.566,00";"R$ 0,00"
"05/05/2023";"05:40:04";"Real Brasileiro";"Compra";"-R$ 722,00";"R$ 13.566,00"
"05/05/2023";"05:40:04";"Real Brasileiro";"Compra";"-R$ 763,00";"R$ 14.288,00"
"14/04/2023";"11:23:27";"Real Brasileiro";"Venda";"R$ 49,95";"R$ 15.051,00"
"14/04/2023";"11:23:27";"cReal";"Venda";"-CREAL 50,51000000";"CREAL 0,00000000"
"14/04/2023";"11:17:42";"Real Brasileiro";"Depósito bancário";"R$ 6.000,00";"R$ 15.001,05"
"13/04/2023";"11:42:59";"cReal";"Depósito de carteira externa";"CREAL 50,51000000";"CREAL 50,51000000"
"21/03/2023";"09:02:39";"Real Brasileiro";"Depósito bancário";"R$ 9.000,00";"R$ 9.001,05"
"10/03/2023";"12:43:51";"Bitcoin";"Retirada para carteira externa";"-BTC 0,09815880";"BTC 0,00000000"
"10/03/2023";"12:43:51";"Bitcoin";"Taxa de mineração, prioridade normal";"-BTC 0,00029920";"BTC 0,09815880"
"10/03/2023";"08:40:16";"Bitcoin";"Taxa sobre compra - Executora";"-BTC 0,00049476";"BTC 0,09845724"
"10/03/2023";"08:40:16";"Bitcoin";"Compra";"BTC 0,09895200";"BTC 0,09895200"
"10/03/2023";"08:40:16";"Real Brasileiro";"Compra";"-R$ 10.102,00";"R$ 1,05"
"10/03/2023";"08:10:33";"Real Brasileiro";"Venda";"R$ 27,21";"R$ 10.103,05"
"10/03/2023";"08:10:33";"cReal";"Venda";"-CREAL 27,49000000";"CREAL 0,00000000"
"07/02/2023";"08:34:17";"cReal";"Depósito de carteira externa";"CREAL 27,49000000";"CREAL 27,49000000"
"03/02/2023";"10:37:50";"Real Brasileiro";"Depósito bancário";"R$ 5.000,00";"R$ 10.075,84"
"01/02/2023";"14:04:47";"Real Brasileiro";"Venda";"R$ 57,19";"R$ 5.075,84"
"01/02/2023";"14:04:47";"Real Brasileiro";"Venda";"R$ 15,75";"R$ 5.018,65"
"01/02/2023";"14:04:47";"cReal";"Venda";"-CREAL 57,77000000";"CREAL 0,00000000"
"01/02/2023";"14:04:47";"cReal";"Venda";"-CREAL 15,91000000";"CREAL 57,77000000"
"01/02/2023";"14:02:54";"Real Brasileiro";"Depósito bancário";"R$ 5.000,00";"R$ 5.002,90"
"18/01/2023";"09:37:09";"Bitcoin";"Retirada para carteira externa";"-BTC 0,05090850";"BTC 0,00000000"
"18/01/2023";"09:37:09";"Bitcoin";"Taxa de mineração, prioridade normal";"-BTC 0,00009350";"BTC 0,05090850"
"15/01/2023";"12:33:08";"Bitcoin";"Taxa sobre compra - Executora";"-BTC 0,00025629";"BTC 0,05100171"
"15/01/2023";"12:33:08";"Bitcoin";"Compra";"BTC 0,05125800";"BTC 0,05125800"
"15/01/2023";"12:33:08";"Real Brasileiro";"Compra";"-R$ 5.498,00";"R$ 2,90"
"15/01/2023";"12:27:44";"Real Brasileiro";"Depósito bancário";"R$ 5.500,00";"R$ 5.500,90"
"05/07/2022";"11:45:05";"cReal";"Depósito de carteira externa";"CREAL 73,68000000";"CREAL 73,68000000"
"29/06/2022";"15:30:12";"Bitcoin";"Retirada para carteira externa";"-BTC 0,04862076";"BTC 0,00000000"
"29/06/2022";"15:30:12";"Bitcoin";"Taxa de mineração, prioridade normal";"-BTC 0,00009350";"BTC 0,04862076"
"29/06/2022";"15:28:05";"Bitcoin";"Taxa sobre compra - Executora";"-BTC 0,00000180";"BTC 0,04871426"
"29/06/2022";"15:28:05";"Bitcoin";"Compra";"BTC 0,00036105";"BTC 0,04871606"
"29/06/2022";"15:28:05";"Real Brasileiro";"Compra";"-R$ 38,00";"R$ 0,90"
"29/06/2022";"15:25:18";"Real Brasileiro";"Venda";"R$ 38,77";"R$ 38,90"
"29/06/2022";"15:25:18";"cReal";"Venda";"-CREAL 40,35000000";"CREAL 0,00000000"
"23/06/2022";"10:36:34";"Bitcoin";"Taxa sobre compra - Executora";"-BTC 0,00024299";"BTC 0,04835501"
"23/06/2022";"10:36:34";"Bitcoin";"Compra";"BTC 0,04859800";"BTC 0,04859800"
"23/06/2022";"10:36:34";"Real Brasileiro";"Compra";"-R$ 5.199,98";"R$ 0,13"
"23/06/2022";"10:02:56";"Real Brasileiro";"Depósito bancário";"R$ 5.200,00";"R$ 5.200,11"
"17/06/2022";"14:22:11";"Bitcoin";"Retirada para carteira externa";"-BTC 0,11378816";"BTC 0,00000000"
"17/06/2022";"14:22:11";"Bitcoin";"Taxa de mineração, prioridade normal";"-BTC 0,00018700";"BTC 0,11378816"
"16/06/2022";"04:52:44";"Bitcoin";"Taxa sobre compra - Executora";"-BTC 0,00017922";"BTC 0,11397516"
"16/06/2022";"04:52:44";"Bitcoin";"Compra";"BTC 0,03584400";"BTC 0,11415438"
"16/06/2022";"04:52:44";"Real Brasileiro";"Compra";"-R$ 3.999,90";"R$ 0,11"
"15/06/2022";"15:52:36";"Real Brasileiro";"Depósito bancário";"R$ 4.000,00";"R$ 4.000,01"
"06/06/2022";"11:48:45";"Bitcoin";"Taxa sobre compra - Executora";"-BTC 0,00003249";"BTC 0,07831038"
"06/06/2022";"11:48:45";"Bitcoin";"Compra";"BTC 0,00649823";"BTC 0,07834287"
"06/06/2022";"11:48:45";"Bitcoin";"Taxa sobre compra - Executora";"-BTC 0,00005000";"BTC 0,07184464"
"06/06/2022";"11:48:45";"Bitcoin";"Compra";"BTC 0,01000000";"BTC 0,07189464"
"06/06/2022";"11:48:45";"Bitcoin";"Taxa sobre compra - Executora";"-BTC 0,00003480";"BTC 0,06189464"
"06/06/2022";"11:48:45";"Bitcoin";"Compra";"BTC 0,00696100";"BTC 0,06192944"
"06/06/2022";"11:48:45";"Bitcoin";"Taxa sobre compra - Executora";"-BTC 0,00006344";"BTC 0,05496844"
"06/06/2022";"11:48:45";"Bitcoin";"Compra";"BTC 0,01268823";"BTC 0,05503188"
"06/06/2022";"11:48:45";"Real Brasileiro";"Compra";"-R$ 989,03";"R$ 0,01"
"06/06/2022";"11:48:45";"Real Brasileiro";"Compra";"-R$ 1.521,99";"R$ 989,04"
"06/06/2022";"11:48:45";"Real Brasileiro";"Compra";"-R$ 1.059,11";"R$ 2.511,03"
"06/06/2022";"11:48:45";"Real Brasileiro";"Compra";"-R$ 1.929,87";"R$ 3.570,14"
"06/06/2022";"11:47:34";"Real Brasileiro";"Depósito bancário";"R$ 5.500,00";"R$ 5.500,01"
"03/06/2022";"14:55:52";"cReal";"Depósito de carteira externa";"CREAL 40,35000000";"CREAL 40,35000000"
"23/05/2022";"18:28:39";"Bitcoin";"Taxa sobre compra - Executora";"-BTC 0,00000246";"BTC 0,04234365"
"23/05/2022";"18:28:39";"Bitcoin";"Compra";"BTC 0,00049259";"BTC 0,04234611"
"23/05/2022";"18:28:39";"Real Brasileiro";"Compra";"-R$ 70,43";"R$ 0,01"
"23/05/2022";"18:27:23";"Real Brasileiro";"Venda";"R$ 70,44";"R$ 70,44"
"23/05/2022";"18:27:23";"cReal";"Venda";"-CREAL 74,00000000";"CREAL 0,00000000"
"23/05/2022";"18:23:39";"Bitcoin";"Taxa sobre compra - Executada";"-BTC 0,00010489";"BTC 0,04185352"
"23/05/2022";"18:23:39";"Bitcoin";"Compra";"BTC 0,04195841";"BTC 0,04195841"
"23/05/2022";"18:23:39";"Real Brasileiro";"Compra";"-R$ 6.000,01";"R$ 0,00"
"23/05/2022";"18:22:39";"Real Brasileiro";"Depósito bancário";"R$ 6.000,00";"R$ 6.000,01"
"06/05/2022";"09:04:48";"Bitcoin";"Retirada para carteira externa";"-BTC 0,10089126";"BTC 0,00000000"
"06/05/2022";"09:04:48";"Bitcoin";"Taxa de mineração, prioridade normal";"-BTC 0,00012155";"BTC 0,10089126"
"06/05/2022";"07:33:25";"Bitcoin";"Taxa sobre compra - Executora";"-BTC 0,00013462";"BTC 0,10101281"
"06/05/2022";"07:33:25";"Bitcoin";"Compra";"BTC 0,02692529";"BTC 0,10114743"
"06/05/2022";"07:33:25";"Real Brasileiro";"Compra";"-R$ 4.999,99";"R$ 0,01"
"06/05/2022";"07:32:35";"Real Brasileiro";"Depósito bancário";"R$ 5.000,00";"R$ 5.000,00"
"02/05/2022";"13:19:29";"cReal";"Depósito de carteira externa";"CREAL 74,00000000";"CREAL 74,00000000"
"28/04/2022";"07:54:48";"Bitcoin";"Taxa sobre compra - Executora";"-BTC 0,00008718";"BTC 0,07422214"
"28/04/2022";"07:54:48";"Bitcoin";"Compra";"BTC 0,01743732";"BTC 0,07430932"
"28/04/2022";"07:54:48";"Bitcoin";"Taxa sobre compra - Executora";"-BTC 0,00002500";"BTC 0,05687200"
"28/04/2022";"07:54:48";"Bitcoin";"Compra";"BTC 0,00500000";"BTC 0,05689700"
"28/04/2022";"07:54:48";"Real Brasileiro";"Compra";"-R$ 3.451,56";"R$ 0,00"
"28/04/2022";"07:54:48";"Real Brasileiro";"Compra";"-R$ 988,50";"R$ 3.451,56"
"28/04/2022";"07:52:35";"Real Brasileiro";"Depósito bancário";"R$ 4.440,00";"R$ 4.440,06"
"12/04/2022";"06:54:20";"Bitcoin";"Taxa sobre compra - Executora";"-BTC 0,00012959";"BTC 0,05189700"
"12/04/2022";"06:54:20";"Bitcoin";"Compra";"BTC 0,02591888";"BTC 0,05202659"
"12/04/2022";"06:54:20";"Real Brasileiro";"Compra";"-R$ 4.999,95";"R$ 0,06"
"12/04/2022";"06:52:40";"Real Brasileiro";"Depósito bancário";"R$ 5.000,00";"R$ 5.000,01"
"10/04/2022";"10:55:03";"Bitcoin";"Taxa sobre compra - Executora";"-BTC 0,00000882";"BTC 0,02610771"
"10/04/2022";"10:55:03";"Bitcoin";"Compra";"BTC 0,00176503";"BTC 0,02611653"
"10/04/2022";"10:55:03";"Real Brasileiro";"Compra";"-R$ 360,62";"R$ 0,01"
"10/04/2022";"10:53:46";"Real Brasileiro";"Venda";"R$ 110,60";"R$ 360,63"
"10/04/2022";"10:53:46";"Real Brasileiro";"Venda";"R$ 250,00";"R$ 250,03"
"10/04/2022";"10:53:46";"cReal";"Venda";"-CREAL 119,31344827";"CREAL 0,00000000"
"10/04/2022";"10:53:46";"cReal";"Venda";"-CREAL 269,39655173";"CREAL 119,31344827"
"10/04/2022";"10:48:40";"Bitcoin";"Taxa sobre compra - Executora";"-BTC 0,00012236";"BTC 0,02435150"
"10/04/2022";"10:48:40";"Bitcoin";"Compra";"BTC 0,02447386";"BTC 0,02447386"
"10/04/2022";"10:48:40";"Real Brasileiro";"Compra";"-R$ 5.000,86";"R$ 0,03"
"10/04/2022";"10:47:35";"Real Brasileiro";"Depósito bancário";"R$ 5.000,00";"R$ 5.000,89"
"01/04/2022";"20:51:51";"cReal";"Depósito de carteira externa";"CREAL 250,00000000";"CREAL 388,71000000"
"24/03/2022";"12:47:09";"Bitcoin";"Retirada para carteira externa";"-BTC 0,11972889";"BTC 0,00000000"
"24/03/2022";"12:47:09";"Bitcoin";"Taxa de mineração, baixa prioridade";"-BTC 0,00005236";"BTC 0,11972889"
"24/03/2022";"12:44:52";"Bitcoin";"Taxa sobre compra - Executora";"-BTC 0,00019165";"BTC 0,11978125"
"24/03/2022";"12:44:52";"Bitcoin";"Compra";"BTC 0,03833179";"BTC 0,11997290"
"24/03/2022";"12:44:52";"Bitcoin";"Taxa sobre compra - Executora";"-BTC 0,00001035";"BTC 0,08164111"
"24/03/2022";"12:44:52";"Bitcoin";"Compra";"BTC 0,00207000";"BTC 0,08165146"
"24/03/2022";"12:44:52";"Bitcoin";"Taxa sobre compra - Executora";"-BTC 0,00003285";"BTC 0,07958146"
"24/03/2022";"12:44:52";"Bitcoin";"Compra";"BTC 0,00657000";"BTC 0,07961431"
"24/03/2022";"12:44:52";"Bitcoin";"Compra";"BTC 0,00000003";"BTC 0,07304431"
"24/03/2022";"12:44:52";"Real Brasileiro";"Compra";"-R$ 8.160,83";"R$ 0,89"
"24/03/2022";"12:44:52";"Real Brasileiro";"Compra";"-R$ 440,49";"R$ 8.161,72"
"24/03/2022";"12:44:52";"Real Brasileiro";"Compra";"-R$ 1.398,09";"R$ 8.602,21"
"24/03/2022";"12:44:52";"Real Brasileiro";"Compra";"R$ 0,00";"R$ 10.000,30"
"24/03/2022";"12:42:36";"Real Brasileiro";"Depósito bancário";"R$ 10.000,00";"R$ 10.000,30"
"21/03/2022";"11:00:49";"Bitcoin";"Taxa sobre compra - Executora";"-BTC 0,00036705";"BTC 0,07304428"
"21/03/2022";"11:00:49";"Bitcoin";"Compra";"BTC 0,07341133";"BTC 0,07341133"
"21/03/2022";"11:00:48";"Real Brasileiro";"Compra";"-R$ 15.253,62";"R$ 0,30"
"21/03/2022";"10:57:46";"Real Brasileiro";"Depósito bancário";"R$ 15.250,00";"R$ 15.253,92"
"15/03/2022";"16:46:55";"Bitcoin";"Retirada para carteira externa";"-BTC 0,09872765";"BTC 0,00000000"
"15/03/2022";"16:46:55";"Bitcoin";"Taxa de mineração, baixa prioridade";"-BTC 0,00003740";"BTC 0,09872765"
"15/03/2022";"16:44:49";"Bitcoin";"Taxa sobre compra - Executora";"-BTC 0,00005603";"BTC 0,09876505"
"15/03/2022";"16:44:49";"Bitcoin";"Compra";"BTC 0,01120630";"BTC 0,09882108"
"15/03/2022";"16:44:49";"Bitcoin";"Taxa sobre compra - Executora";"-BTC 0,00006607";"BTC 0,08761478"
"15/03/2022";"16:44:49";"Bitcoin";"Compra";"BTC 0,01321543";"BTC 0,08768085"
"15/03/2022";"16:44:49";"Real Brasileiro";"Compra";"-R$ 2.294,35";"R$ 3,92"
"15/03/2022";"16:44:49";"Real Brasileiro";"Compra";"-R$ 2.701,81";"R$ 2.298,27"
"15/03/2022";"16:43:35";"Bitcoin";"Taxa sobre compra - Executora";"-BTC 0,00012228";"BTC 0,07446542"
"15/03/2022";"16:43:35";"Bitcoin";"Compra";"BTC 0,02445670";"BTC 0,07458770"
"15/03/2022";"16:43:35";"Real Brasileiro";"Compra";"-R$ 5.000,00";"R$ 5.000,08"
"15/03/2022";"16:42:42";"Real Brasileiro";"Depósito bancário";"R$ 10.000,00";"R$ 10.000,08"
"10/03/2022";"09:35:45";"Bitcoin";"Taxa sobre compra - Executora";"-BTC 0,00012533";"BTC 0,05013100"
"10/03/2022";"09:35:45";"Bitcoin";"Compra";"BTC 0,02506744";"BTC 0,05025633"
"10/03/2022";"09:35:45";"Real Brasileiro";"Compra";"-R$ 4.999,97";"R$ 0,08"
"08/03/2022";"14:00:20";"Bitcoin";"Taxa sobre compra - Executora";"-BTC 0,00012657";"BTC 0,02518889"
"08/03/2022";"14:00:20";"Bitcoin";"Compra";"BTC 0,02531546";"BTC 0,02531546"
"08/03/2022";"14:00:20";"Real Brasileiro";"Compra";"-R$ 4.999,98";"R$ 5.000,05"
"08/03/2022";"13:57:41";"Real Brasileiro";"Depósito bancário";"R$ 10.000,00";"R$ 10.000,03"
"03/03/2022";"07:44:52";"Bitcoin";"Retirada para carteira externa";"-BTC 0,13310613";"BTC 0,00000000"
"03/03/2022";"07:44:52";"Bitcoin";"Taxa de mineração, baixa prioridade";"-BTC 0,00009724";"BTC 0,13310613"
"03/03/2022";"07:33:56";"Bitcoin";"Taxa sobre compra - Executada";"-BTC 0,00002625";"BTC 0,13320337"
"03/03/2022";"07:33:56";"Bitcoin";"Compra";"BTC 0,01050173";"BTC 0,13322962"
"03/03/2022";"07:33:56";"Real Brasileiro";"Compra";"-R$ 2.331,49";"R$ 0,03"
"03/03/2022";"07:33:54";"Bitcoin";"Taxa sobre compra - Executora";"-BTC 0,00001075";"BTC 0,12272789"
"03/03/2022";"07:33:54";"Bitcoin";"Compra";"BTC 0,00215000";"BTC 0,12273864"
"03/03/2022";"07:33:54";"Bitcoin";"Taxa sobre compra - Executora";"-BTC 0,00004935";"BTC 0,12058864"
"03/03/2022";"07:33:54";"Bitcoin";"Compra";"BTC 0,00987000";"BTC 0,12063799"
"03/03/2022";"07:33:54";"Real Brasileiro";"Compra";"-R$ 477,32";"R$ 2.331,52"
"03/03/2022";"07:33:54";"Real Brasileiro";"Compra";"-R$ 2.191,23";"R$ 2.808,84"
"02/03/2022";"21:37:58";"cReal";"Depósito de carteira externa";"CREAL 138,71000000";"CREAL 138,71000000"
"01/03/2022";"16:11:50";"Bitcoin";"Taxa sobre compra - Executora";"-BTC 0,00011014";"BTC 0,11076799"
"01/03/2022";"16:11:50";"Bitcoin";"Compra";"BTC 0,02202835";"BTC 0,11087813"
"01/03/2022";"16:11:50";"Real Brasileiro";"Compra";"-R$ 4.999,99";"R$ 5.000,07"
"28/02/2022";"18:52:17";"Bitcoin";"Taxa sobre compra - Executora";"-BTC 0,00011539";"BTC 0,08884978"
"28/02/2022";"18:52:17";"Bitcoin";"Compra";"BTC 0,02307844";"BTC 0,08896517"
"28/02/2022";"18:52:17";"Real Brasileiro";"Compra";"-R$ 4.999,95";"R$ 10.000,06"
"28/02/2022";"18:12:40";"Real Brasileiro";"Depósito bancário";"R$ 15.000,00";"R$ 15.000,01"
"17/02/2022";"06:39:28";"Bitcoin";"Taxa sobre compra - Executora";"-BTC 0,00011153";"BTC 0,06588673"
"17/02/2022";"06:39:28";"Bitcoin";"Compra";"BTC 0,02230635";"BTC 0,06599826"
"17/02/2022";"06:39:28";"Real Brasileiro";"Compra";"-R$ 4.999,99";"R$ 0,01"
"16/02/2022";"17:37:44";"Real Brasileiro";"Depósito bancário";"R$ 5.000,00";"R$ 5.000,00"
"13/02/2022";"09:24:19";"Bitcoin";"Taxa sobre compra - Executora";"-BTC 0,00011076";"BTC 0,04369191"
"13/02/2022";"09:24:19";"Bitcoin";"Compra";"BTC 0,02215331";"BTC 0,04380267"
"13/02/2022";"09:24:19";"Real Brasileiro";"Compra";"-R$ 5.000,00";"R$ 0,00"
"11/02/2022";"15:35:09";"Bitcoin";"Taxa sobre compra - Executora";"-BTC 0,00010879";"BTC 0,02164936"
"11/02/2022";"15:35:09";"Bitcoin";"Compra";"BTC 0,02175815";"BTC 0,02175815"
"11/02/2022";"15:35:09";"Real Brasileiro";"Compra";"-R$ 5.000,00";"R$ 5.000,00"
"11/02/2022";"15:27:42";"Real Brasileiro";"Depósito bancário";"R$ 10.000,00";"R$ 10.000,00"
"02/02/2022";"10:08:54";"Bitcoin";"Retirada para carteira externa";"-BTC 0,02418662";"BTC 0,00000000"
"02/02/2022";"10:08:54";"Bitcoin";"Taxa de mineração, baixa prioridade";"-BTC 0,00005236";"BTC 0,02418662"
"02/02/2022";"10:04:59";"Bitcoin";"Taxa sobre compra - Executora";"-BTC 0,00012180";"BTC 0,02423898"
"02/02/2022";"10:04:59";"Bitcoin";"Compra";"BTC 0,02436078";"BTC 0,02436078"
"02/02/2022";"10:04:59";"Real Brasileiro";"Compra";"-R$ 5.000,00";"R$ 0,00"
"02/02/2022";"10:03:05";"Real Brasileiro";"Depósito bancário";"R$ 5.000,00";"R$ 5.000,00"
"02/02/2022";"09:50:26";"Bitcoin";"Retirada para carteira externa";"-BTC 0,01324045";"BTC 0,00000000"
"02/02/2022";"09:50:26";"Bitcoin";"Taxa de mineração, baixa prioridade";"-BTC 0,00005236";"BTC 0,01324045"
"02/02/2022";"09:14:53";"Bitcoin";"Taxa sobre compra - Executora";"-BTC 0,00006679";"BTC 0,01329281"
"02/02/2022";"09:14:53";"Bitcoin";"Compra";"BTC 0,01335960";"BTC 0,01335960"
"02/02/2022";"09:14:53";"Real Brasileiro";"Compra";"-R$ 2.742,03";"R$ 0,00"
"02/02/2022";"09:07:52";"Real Brasileiro";"Depósito bancário";"R$ 2.742,00";"R$ 2.742,03"
"18/07/2021";"06:28:55";"Ethereum";"Retirada para carteira externa";"-ETH 0,86748790";"ETH 0,00000000"
"18/07/2021";"06:28:55";"Ethereum";"Taxa de mineração, prioridade normal";"-ETH 0,00117117";"ETH 0,86748790"
"11/01/2021";"07:52:06";"Ethereum";"Taxa sobre compra - Executora";"-ETH 0,00436512";"ETH 0,86865907"
"11/01/2021";"07:52:06";"Ethereum";"Compra";"ETH 0,87302419";"ETH 0,87302419"
"11/01/2021";"07:52:06";"Real Brasileiro";"Compra";"-R$ 5.499,97";"R$ 0,03"
"11/01/2021";"07:45:10";"Real Brasileiro";"Depósito bancário";"R$ 5.500,00";"R$ 5.500,00"
"06/01/2021";"09:09:23";"Ethereum";"Retirada para carteira externa";"-ETH 0,55722527";"ETH 0,00000000"
"06/01/2021";"09:09:23";"Ethereum";"Taxa de mineração, alta prioridade";"-ETH 0,01249248";"ETH 0,55722527"
"06/01/2021";"09:05:03";"Ethereum";"Taxa sobre compra - Executora";"-ETH 0,00273125";"ETH 0,56971775"
"06/01/2021";"09:05:03";"Ethereum";"Compra";"ETH 0,54625071";"ETH 0,57244900"
"06/01/2021";"09:05:03";"Real Brasileiro";"Compra";"-R$ 3.386,75";"R$ 0,00"
"06/01/2021";"09:05:03";"Ethereum";"Taxa sobre compra - Executora";"-ETH 0,00013165";"ETH 0,02619829"
"06/01/2021";"09:05:03";"Ethereum";"Compra";"ETH 0,02632994";"ETH 0,02632994"
"06/01/2021";"09:05:03";"Real Brasileiro";"Compra";"-R$ 163,25";"R$ 3.386,75"
"06/01/2021";"09:01:41";"Real Brasileiro";"Depósito bancário";"R$ 3.550,00";"R$ 3.550,00"
"16/12/2020";"09:17:11";"XRP";"Retirada para carteira externa";"-XRP 2.086,541536";"XRP 0,000000"
"16/12/2020";"09:17:11";"XRP";"Taxa de mineração, alta prioridade";"-XRP 0,100000";"XRP 2.086,541536"
"16/12/2020";"09:08:20";"XRP";"Taxa sobre compra - Executora";"-XRP 5,402648";"XRP 2.086,641536"
"16/12/2020";"09:08:20";"XRP";"Compra";"XRP 1.080,529661";"XRP 2.092,044184"
"16/12/2020";"09:08:20";"Real Brasileiro";"Compra";"-R$ 2.550,05";"R$ 0,00"
"15/12/2020";"12:23:33";"XRP";"Taxa sobre compra - Executora";"-XRP 5,082988";"XRP 1.011,514523"
"15/12/2020";"12:23:33";"XRP";"Compra";"XRP 1.016,597510";"XRP 1.016,597511"
"15/12/2020";"12:23:33";"Real Brasileiro";"Compra";"-R$ 2.450,00";"R$ 2.550,05"
"15/12/2020";"12:20:54";"Real Brasileiro";"Depósito bancário";"R$ 5.000,00";"R$ 5.000,05"
"17/11/2020";"06:56:51";"Ethereum";"Retirada para carteira externa";"-ETH 4,21071102";"ETH 0,00000000"
"17/11/2020";"06:56:51";"Ethereum";"Taxa de mineração, prioridade normal";"-ETH 0,00374220";"ETH 4,21071102"
"17/11/2020";"06:51:15";"Bitcoin";"Retirada para carteira externa";"-BTC 0,07715217";"BTC 0,00000000"
"17/11/2020";"06:51:15";"Bitcoin";"Taxa de mineração, baixa prioridade";"-BTC 0,00067320";"BTC 0,07715217"
"16/11/2020";"17:03:13";"Ethereum";"Taxa sobre compra - Executora";"-ETH 0,00135970";"ETH 4,21445322"
"16/11/2020";"17:03:13";"Ethereum";"Compra";"ETH 0,27194082";"ETH 4,21581292"
"16/11/2020";"17:03:13";"Real Brasileiro";"Compra";"-R$ 692,22";"R$ 0,05"
"16/11/2020";"17:03:13";"Ethereum";"Taxa sobre compra - Executora";"-ETH 0,00355204";"ETH 3,94387210"
"16/11/2020";"17:03:13";"Ethereum";"Compra";"ETH 0,71040857";"ETH 3,94742414"
"16/11/2020";"17:03:13";"Real Brasileiro";"Compra";"-R$ 1.808,32";"R$ 692,27"
"13/11/2020";"16:21:03";"Real Brasileiro";"Depósito bancário";"R$ 2.500,00";"R$ 2.500,59"
"10/11/2020";"06:00:34";"Bitcoin";"Taxa sobre compra - Executora";"-BTC 0,00019973";"BTC 0,07782537"
"10/11/2020";"06:00:34";"Bitcoin";"Compra";"BTC 0,03994523";"BTC 0,07802510"
"10/11/2020";"06:00:34";"Real Brasileiro";"Compra";"-R$ 3.345,57";"R$ 0,59"
"10/11/2020";"06:00:34";"Bitcoin";"Taxa sobre compra - Executora";"-BTC 0,00000061";"BTC 0,03807987"
"10/11/2020";"06:00:34";"Bitcoin";"Compra";"BTC 0,00012114";"BTC 0,03808048"
"10/11/2020";"06:00:34";"Real Brasileiro";"Compra";"-R$ 10,13";"R$ 3.346,16"
"10/11/2020";"06:00:34";"Bitcoin";"Taxa sobre compra - Executora";"-BTC 0,00000060";"BTC 0,03795934"
"10/11/2020";"06:00:34";"Bitcoin";"Compra";"BTC 0,00012053";"BTC 0,03795994"
"10/11/2020";"06:00:34";"Real Brasileiro";"Compra";"-R$ 10,06";"R$ 3.356,29"
"10/11/2020";"06:00:34";"Bitcoin";"Taxa sobre compra - Executora";"-BTC 0,00000515";"BTC 0,03783941"
"10/11/2020";"06:00:34";"Bitcoin";"Compra";"BTC 0,00103066";"BTC 0,03784456"
"10/11/2020";"06:00:34";"Real Brasileiro";"Compra";"-R$ 86,06";"R$ 3.366,35"
"10/11/2020";"06:00:34";"Bitcoin";"Taxa sobre compra - Executora";"-BTC 0,00000285";"BTC 0,03681390"
"10/11/2020";"06:00:34";"Bitcoin";"Compra";"BTC 0,00057000";"BTC 0,03681675"
"10/11/2020";"06:00:34";"Real Brasileiro";"Compra";"-R$ 47,59";"R$ 3.452,41"
"09/11/2020";"16:53:26";"Real Brasileiro";"Depósito bancário";"R$ 3.500,00";"R$ 3.500,00"
"18/09/2020";"16:31:17";"Ethereum";"Retirada para carteira externa";"-ETH 0,28450619";"ETH 3,23701557"
"18/09/2020";"16:31:17";"Ethereum";"Taxa de mineração, prioridade normal";"-ETH 0,01549381";"ETH 3,52152176"
"29/08/2020";"18:04:11";"XRP";"Retirada para carteira externa";"-XRP 4.983,656747";"XRP 0,000001"
"29/08/2020";"18:04:11";"XRP";"Taxa de mineração, alta prioridade";"-XRP 0,100000";"XRP 4.983,656748"
"29/08/2020";"18:00:47";"XRP";"Retirada para carteira externa";"-XRP 20,000000";"XRP 4.983,756748"
"29/08/2020";"18:00:47";"XRP";"Taxa de mineração, alta prioridade";"-XRP 0,100000";"XRP 5.003,756748"
"29/08/2020";"16:37:04";"Ethereum";"Taxa sobre compra - Executada";"-ETH 0,00048013";"ETH 3,53701557"
"29/08/2020";"16:37:04";"Ethereum";"Compra";"ETH 0,19205176";"ETH 3,53749570"
"29/08/2020";"16:37:04";"Real Brasileiro";"Compra";"-R$ 421,55";"R$ 0,00"
"29/08/2020";"16:09:17";"Ethereum";"Taxa sobre compra - Executora";"-ETH 0,00082113";"ETH 3,34544394"
"29/08/2020";"16:09:17";"Ethereum";"Compra";"ETH 0,16422615";"ETH 3,34626507"
"29/08/2020";"16:09:17";"Real Brasileiro";"Compra";"-R$ 360,48";"R$ 421,55"
"29/08/2020";"16:00:38";"XRP";"Taxa sobre compra - Executora";"-XRP 0,243314";"XRP 5.003,856748"
"29/08/2020";"16:00:38";"XRP";"Compra";"XRP 48,662816";"XRP 5.004,100062"
"29/08/2020";"16:00:38";"Real Brasileiro";"Compra";"-R$ 73,48";"R$ 782,03"
"29/08/2020";"16:00:38";"XRP";"Taxa sobre compra - Executora";"-XRP 0,478540";"XRP 4.955,437246"
"29/08/2020";"16:00:38";"XRP";"Compra";"XRP 95,708045";"XRP 4.955,915786"
"29/08/2020";"16:00:38";"Real Brasileiro";"Compra";"-R$ 144,52";"R$ 855,51"
"28/08/2020";"22:54:53";"Bitcoin";"Taxa sobre compra - Executada";"-BTC 0,00003170";"BTC 0,03624675"
"28/08/2020";"22:54:53";"Bitcoin";"Compra";"BTC 0,01267829";"BTC 0,03627845"
"28/08/2020";"22:54:53";"Real Brasileiro";"Compra";"-R$ 800,00";"R$ 1.000,03"
"28/08/2020";"22:38:32";"XRP";"Taxa sobre compra - Executora";"-XRP 0,671141";"XRP 4.860,207741"
"28/08/2020";"22:38:32";"XRP";"Compra";"XRP 134,228188";"XRP 4.860,878882"
"28/08/2020";"22:38:32";"Real Brasileiro";"Compra";"-R$ 200,00";"R$ 1.800,03"
"27/08/2020";"19:43:13";"Ethereum";"Taxa sobre compra - Executada";"-ETH 0,00058411";"ETH 3,18203892"
"27/08/2020";"19:43:13";"Ethereum";"Compra";"ETH 0,23364486";"ETH 3,18262303"
"27/08/2020";"19:43:13";"Real Brasileiro";"Compra";"-R$ 500,00";"R$ 2.000,03"
"27/08/2020";"18:09:45";"Bitcoin";"Taxa sobre compra - Executada";"-BTC 0,00005915";"BTC 0,02360016"
"27/08/2020";"18:09:45";"Bitcoin";"Compra";"BTC 0,02365931";"BTC 0,02365931"
"27/08/2020";"18:09:45";"Real Brasileiro";"Compra";"-R$ 1.500,00";"R$ 2.500,03"
"25/08/2020";"15:09:39";"XRP";"Taxa sobre compra - Executora";"-XRP 3,246753";"XRP 4.726,650694"
"25/08/2020";"15:09:39";"XRP";"Compra";"XRP 649,350649";"XRP 4.729,897447"
"25/08/2020";"15:09:39";"Real Brasileiro";"Compra";"-R$ 1.000,00";"R$ 4.000,03"
"22/08/2020";"15:50:30";"Ethereum";"Taxa sobre compra - Executora";"-ETH 0,00223346";"ETH 2,94897817"
"22/08/2020";"15:50:30";"Ethereum";"Compra";"ETH 0,44669181";"ETH 2,95121163"
"22/08/2020";"15:50:30";"Real Brasileiro";"Compra";"-R$ 999,97";"R$ 5.000,03"
"22/08/2020";"15:45:55";"XRP";"Taxa sobre compra - Executora";"-XRP 7,763975";"XRP 4.080,546798"
"22/08/2020";"15:45:55";"XRP";"Compra";"XRP 1.552,795031";"XRP 4.088,310773"
"22/08/2020";"15:45:55";"Real Brasileiro";"Compra";"-R$ 2.500,00";"R$ 6.000,00"
"21/08/2020";"17:30:00";"XRP";"Taxa sobre compra - Executora";"-XRP 4,601227";"XRP 2.535,515742"
"21/08/2020";"17:30:00";"XRP";"Compra";"XRP 920,245399";"XRP 2.540,116969"
"21/08/2020";"17:30:00";"Real Brasileiro";"Compra";"-R$ 1.500,00";"R$ 8.500,00"
"21/08/2020";"16:51:46";"Real Brasileiro";"Depósito bancário";"R$ 10.000,00";"R$ 10.000,00"
"18/08/2020";"12:32:52";"Bitcoin";"Retirada para carteira externa";"-BTC 0,17864478";"BTC 0,00000000"
"18/08/2020";"12:32:52";"Bitcoin";"Taxa de mineração, alta prioridade";"-BTC 0,00033660";"BTC 0,17864478"
"18/08/2020";"10:55:07";"Bitcoin";"Taxa sobre compra - Executora";"-BTC 0,00089940";"BTC 0,17898138"
"18/08/2020";"10:55:07";"Bitcoin";"Compra";"BTC 0,17988078";"BTC 0,17988078"
"18/08/2020";"10:55:07";"Real Brasileiro";"Compra";"-R$ 12.070,00";"R$ 0,00"
"18/08/2020";"10:47:31";"Real Brasileiro";"Depósito bancário";"R$ 12.070,00";"R$ 12.070,00"
"17/08/2020";"11:56:00";"XRP";"Taxa sobre compra - Executora";"-XRP 8,140058";"XRP 1.619,871570"
"17/08/2020";"11:56:00";"XRP";"Compra";"XRP 1.628,011628";"XRP 1.628,011628"
"17/08/2020";"11:56:00";"Real Brasileiro";"Compra";"-R$ 2.800,18";"R$ 0,00"
"17/08/2020";"11:12:26";"Real Brasileiro";"Depósito bancário";"R$ 2.800,00";"R$ 2.800,18"
"12/08/2020";"11:07:10";"Ethereum";"Retirada para carteira externa";"-ETH 1,32460731";"ETH 2,50451982"
"12/08/2020";"11:07:10";"Ethereum";"Taxa de mineração, baixa prioridade";"-ETH 0,01039269";"ETH 3,82912713"
"12/08/2020";"11:02:33";"Ethereum";"Taxa sobre compra - Executora";"-ETH 0,00408524";"ETH 3,83951982"
"12/08/2020";"11:02:33";"Ethereum";"Compra";"ETH 0,81704898";"ETH 3,84360506"
"12/08/2020";"11:02:33";"Real Brasileiro";"Compra";"-R$ 1.749,98";"R$ 0,18"
"12/08/2020";"11:02:33";"Ethereum";"Taxa sobre compra - Executora";"-ETH 0,00007061";"ETH 3,02655608"
"12/08/2020";"11:02:33";"Ethereum";"Compra";"ETH 0,01412283";"ETH 3,02662669"
"12/08/2020";"11:02:33";"Real Brasileiro";"Compra";"-R$ 30,22";"R$ 1.750,16"
"12/08/2020";"10:59:09";"Ethereum";"Taxa sobre compra - Executora";"-ETH 0,00108205";"ETH 3,01250386"
"12/08/2020";"10:59:09";"Ethereum";"Compra";"ETH 0,21641048";"ETH 3,01358591"
"12/08/2020";"10:59:09";"Real Brasileiro";"Compra";"-R$ 462,51";"R$ 1.780,38"
"12/08/2020";"10:59:09";"Ethereum";"Taxa sobre compra - Executora";"-ETH 0,00027601";"ETH 2,79717543"
"12/08/2020";"10:59:09";"Ethereum";"Compra";"ETH 0,05520200";"ETH 2,79745144"
"12/08/2020";"10:59:09";"Real Brasileiro";"Compra";"-R$ 117,97";"R$ 2.242,89"
"12/08/2020";"10:59:09";"Ethereum";"Taxa sobre compra - Executora";"-ETH 0,00028715";"ETH 2,74224944"
"12/08/2020";"10:59:09";"Ethereum";"Compra";"ETH 0,05743023";"ETH 2,74253659"
"12/08/2020";"10:59:09";"Real Brasileiro";"Compra";"-R$ 122,67";"R$ 2.360,86"
"12/08/2020";"10:59:09";"Ethereum";"Taxa sobre compra - Executora";"-ETH 0,00028456";"ETH 2,68510636"
"12/08/2020";"10:59:09";"Ethereum";"Compra";"ETH 0,05691132";"ETH 2,68539092"
"12/08/2020";"10:59:09";"Real Brasileiro";"Compra";"-R$ 121,51";"R$ 2.483,53"
"12/08/2020";"10:59:09";"Ethereum";"Taxa sobre compra - Executora";"-ETH 0,00048659";"ETH 2,62847960"
"12/08/2020";"10:59:09";"Ethereum";"Compra";"ETH 0,09731708";"ETH 2,62896619"
"12/08/2020";"10:59:09";"Real Brasileiro";"Compra";"-R$ 207,29";"R$ 2.605,04"
"12/08/2020";"10:59:09";"Ethereum";"Taxa sobre compra - Executora";"-ETH 0,00044054";"ETH 2,53164911"
"12/08/2020";"10:59:09";"Ethereum";"Compra";"ETH 0,08810863";"ETH 2,53208965"
"12/08/2020";"10:59:09";"Real Brasileiro";"Compra";"-R$ 187,67";"R$ 2.812,33"
"12/08/2020";"10:53:53";"Real Brasileiro";"Depósito bancário";"R$ 3.000,00";"R$ 3.000,00"
"23/07/2020";"12:57:18";"Ethereum";"Taxa sobre compra - Executora";"-ETH 0,01148382";"ETH 2,44398102"
"23/07/2020";"12:57:18";"Ethereum";"Compra";"ETH 2,29676408";"ETH 2,45546484"
"23/07/2020";"12:57:18";"Real Brasileiro";"Compra";"-R$ 3.222,36";"R$ 0,00"
"23/07/2020";"11:26:31";"Real Brasileiro";"Depósito bancário";"R$ 1.440,00";"R$ 3.222,36"
"23/07/2020";"09:31:01";"Ethereum";"Taxa sobre compra - Executada";"-ETH 0,00004858";"ETH 0,15870076"
"23/07/2020";"09:31:01";"Ethereum";"Compra";"ETH 0,01943112";"ETH 0,15874934"
"23/07/2020";"09:31:01";"Real Brasileiro";"Compra";"-R$ 26,52";"R$ 1.782,36"
"23/07/2020";"09:30:21";"Ethereum";"Taxa sobre compra - Executora";"-ETH 0,00070009";"ETH 0,13931822"
"23/07/2020";"09:30:21";"Ethereum";"Compra";"ETH 0,14001831";"ETH 0,14001831"
"23/07/2020";"09:30:21";"Real Brasileiro";"Compra";"-R$ 191,12";"R$ 1.808,88"
"16/07/2020";"18:35:00";"Real Brasileiro";"Depósito bancário";"R$ 2.000,00";"R$ 2.000,00"
"16/07/2020";"17:07:41";"Ethereum";"Retirada para carteira externa";"-ETH 1,56884120";"ETH 0,00000000"
"16/07/2020";"17:07:41";"Ethereum";"Taxa de mineração, baixa prioridade";"-ETH 0,00203280";"ETH 1,56884120"
"16/07/2020";"17:06:18";"Ethereum";"Taxa sobre compra - Executada";"-ETH 0,00393703";"ETH 1,57087400"
"16/07/2020";"17:06:18";"Ethereum";"Compra";"ETH 1,57481103";"ETH 1,57481103"
"16/07/2020";"17:06:18";"Real Brasileiro";"Compra";"-R$ 2.000,01";"R$ 0,00"
"16/07/2020";"16:56:35";"Real Brasileiro";"Depósito bancário";"R$ 2.000,00";"R$ 2.000,01"
"09/07/2020";"09:48:50";"Ethereum";"Retirada para carteira externa";"-ETH 1,99887281";"ETH 0,00000000"
"09/07/2020";"09:48:50";"Ethereum";"Taxa de mineração, baixa prioridade";"-ETH 0,00269346";"ETH 1,99887281"
"09/07/2020";"09:44:49";"Bitcoin";"Retirada para carteira externa";"-BTC 0,05282610";"BTC 0,00000000"
"09/07/2020";"09:44:49";"Bitcoin";"Taxa de mineração, baixa prioridade";"-BTC 0,00009350";"BTC 0,05282610"
"09/07/2020";"09:42:31";"Bitcoin";"Taxa sobre compra - Executora";"-BTC 0,00026593";"BTC 0,05291960"
"09/07/2020";"09:42:31";"Bitcoin";"Compra";"BTC 0,05318553";"BTC 0,05318553"
"09/07/2020";"09:42:31";"Real Brasileiro";"Compra";"-R$ 2.685,05";"R$ 0,01"
"09/07/2020";"09:40:47";"Ethereum";"Taxa sobre compra - Executora";"-ETH 0,00170377";"ETH 2,00156627"
"09/07/2020";"09:40:47";"Ethereum";"Compra";"ETH 0,34075328";"ETH 2,00327004"
"09/07/2020";"09:40:47";"Real Brasileiro";"Compra";"-R$ 451,43";"R$ 2.685,06"
"09/07/2020";"09:40:47";"Ethereum";"Taxa sobre compra - Executora";"-ETH 0,00600278";"ETH 1,66251676"
"09/07/2020";"09:40:47";"Ethereum";"Compra";"ETH 1,20055595";"ETH 1,66851954"
"09/07/2020";"09:40:47";"Real Brasileiro";"Compra";"-R$ 1.590,46";"R$ 3.136,49"
"09/07/2020";"09:40:47";"Ethereum";"Taxa sobre compra - Executora";"-ETH 0,00235158";"ETH 0,46796359"
"09/07/2020";"09:40:47";"Ethereum";"Compra";"ETH 0,47031517";"ETH 0,47031517"
"09/07/2020";"09:40:47";"Real Brasileiro";"Compra";"-R$ 623,05";"R$ 4.726,95"
"09/07/2020";"09:37:50";"Real Brasileiro";"Depósito bancário";"R$ 5.350,00";"R$ 5.350,00"
"09/07/2020";"00:56:42";"Bitcoin";"Retirada para carteira externa";"-BTC 0,06640882";"BTC 0,00000000"
"09/07/2020";"00:56:42";"Bitcoin";"Taxa de mineração, baixa prioridade";"-BTC 0,00009350";"BTC 0,06640882"
"09/07/2020";"00:53:54";"Ethereum";"Retirada para carteira externa";"-ETH 2,00314460";"ETH 0,00000000"
"09/07/2020";"00:53:54";"Ethereum";"Taxa de mineração, baixa prioridade";"-ETH 0,00193116";"ETH 2,00314460"
"08/07/2020";"11:11:01";"Bitcoin";"Taxa sobre compra - Executora";"-BTC 0,00003367";"BTC 0,06650232"
"08/07/2020";"11:11:01";"Bitcoin";"Compra";"BTC 0,00673401";"BTC 0,06653599"
"08/07/2020";"11:11:01";"Real Brasileiro";"Compra";"-R$ 340,00";"R$ 0,00"
"08/07/2020";"11:08:56";"Ethereum";"Taxa sobre compra - Executora";"-ETH 0,01007576";"ETH 2,00507576"
"08/07/2020";"11:08:56";"Ethereum";"Compra";"ETH 2,01515152";"ETH 2,01515152"
"08/07/2020";"11:08:56";"Real Brasileiro";"Compra";"-R$ 2.660,00";"R$ 340,00"
"08/07/2020";"10:14:06";"Bitcoin";"Taxa sobre compra - Executada";"-BTC 0,00000906";"BTC 0,05980198"
"08/07/2020";"10:14:06";"Bitcoin";"Compra";"BTC 0,00362375";"BTC 0,05981104"
"08/07/2020";"10:14:06";"Real Brasileiro";"Compra";"-R$ 180,68";"R$ 3.000,00"
"08/07/2020";"09:51:01";"Bitcoin";"Taxa sobre compra - Executada";"-BTC 0,00000302";"BTC 0,05618729"
"08/07/2020";"09:51:01";"Bitcoin";"Compra";"BTC 0,00120888";"BTC 0,05619031"
"08/07/2020";"09:51:01";"Real Brasileiro";"Compra";"-R$ 60,36";"R$ 3.180,68"
"08/07/2020";"09:48:28";"Bitcoin";"Taxa sobre compra - Executora";"-BTC 0,00027629";"BTC 0,05498143"
"08/07/2020";"09:48:28";"Bitcoin";"Compra";"BTC 0,05525772";"BTC 0,05525772"
"08/07/2020";"09:48:28";"Real Brasileiro";"Compra";"-R$ 2.758,96";"R$ 3.241,04"
"08/07/2020";"09:31:33";"Real Brasileiro";"Depósito bancário";"R$ 6.000,00";"R$ 6.000,00"
"02/07/2020";"19:47:14";"Ethereum";"Retirada para carteira externa";"-ETH 1,00770533";"ETH 0,00000000"
"02/07/2020";"19:47:14";"Ethereum";"Taxa de mineração, baixa prioridade";"-ETH 0,00150935";"ETH 1,00770533"
"02/07/2020";"19:41:50";"Ethereum";"Retirada para carteira externa";"-ETH 1,00752622";"ETH 1,00921468"
"02/07/2020";"19:41:50";"Ethereum";"Taxa de mineração, baixa prioridade";"-ETH 0,00147378";"ETH 2,01674090"
"02/07/2020";"19:37:56";"Ethereum";"Taxa sobre compra - Executora";"-ETH 0,00312319";"ETH 2,01821468"
"02/07/2020";"19:37:56";"Ethereum";"Compra";"ETH 0,62463865";"ETH 2,02133787"
"02/07/2020";"19:37:56";"Real Brasileiro";"Compra";"-R$ 775,72";"R$ 0,00"
"02/07/2020";"19:34:51";"Ethereum";"Taxa sobre compra - Executora";"-ETH 0,00389595";"ETH 1,39669922"
"02/07/2020";"19:34:51";"Ethereum";"Compra";"ETH 0,77918908";"ETH 1,40059517"
"02/07/2020";"19:34:51";"Real Brasileiro";"Compra";"-R$ 966,18";"R$ 775,72"
"02/07/2020";"19:22:17";"Ethereum";"Taxa sobre compra - Executora";"-ETH 0,00312264";"ETH 0,62140609"
"02/07/2020";"19:22:17";"Ethereum";"Compra";"ETH 0,62452873";"ETH 0,62452873"
"02/07/2020";"19:22:17";"Real Brasileiro";"Compra";"-R$ 768,17";"R$ 1.741,90"
"02/07/2020";"18:52:32";"Real Brasileiro";"Depósito bancário";"R$ 2.500,00";"R$ 2.510,07"
"29/06/2020";"11:06:54";"Bitcoin";"Retirada para carteira externa";"-BTC 0,10010799";"BTC 0,00000000"
"29/06/2020";"11:06:54";"Bitcoin";"Taxa de mineração, baixa prioridade";"-BTC 0,00009350";"BTC 0,10010799"
"29/06/2020";"10:59:14";"Bitcoin";"Taxa sobre compra - Executora";"-BTC 0,00040353";"BTC 0,10020149"
"29/06/2020";"10:59:14";"Bitcoin";"Compra";"BTC 0,08070502";"BTC 0,10060502"
"29/06/2020";"10:59:14";"Real Brasileiro";"Compra";"-R$ 3.998,93";"R$ 10,07"
"29/06/2020";"10:59:14";"Bitcoin";"Taxa sobre compra - Executora";"-BTC 0,00010000";"BTC 0,01990000"
"29/06/2020";"10:59:14";"Bitcoin";"Compra";"BTC 0,02000000";"BTC 0,02000000"
"29/06/2020";"10:59:14";"Real Brasileiro";"Compra";"-R$ 991,00";"R$ 4.009,00"
"29/06/2020";"10:50:50";"Real Brasileiro";"Depósito bancário";"R$ 5.000,00";"R$ 5.000,00"
"27/06/2020";"17:03:11";"Bitcoin";"Retirada para carteira externa";"-BTC 0,10173726";"BTC 0,00000000"
"27/06/2020";"17:03:11";"Bitcoin";"Taxa de mineração, baixa prioridade";"-BTC 0,00009350";"BTC 0,10173726"
"23/06/2020";"15:50:43";"Ethereum";"Retirada para carteira externa";"-ETH 1,99372004";"ETH 0,00000000"
"23/06/2020";"15:50:43";"Ethereum";"Taxa de mineração, baixa prioridade";"-ETH 0,00152460";"ETH 1,99372004"
"08/06/2020";"14:15:36";"Ethereum";"Taxa sobre compra - Executora";"-ETH 0,00915558";"ETH 1,99524464"
"08/06/2020";"14:15:36";"Ethereum";"Compra";"ETH 1,83111545";"ETH 2,00440022"
"08/06/2020";"14:15:36";"Real Brasileiro";"Compra";"-R$ 2.237,22";"R$ 0,00"
"08/06/2020";"14:15:36";"Ethereum";"Taxa sobre compra - Executora";"-ETH 0,00087078";"ETH 0,17328477"
"08/06/2020";"14:15:36";"Ethereum";"Compra";"ETH 0,17415555";"ETH 0,17415555"
"08/06/2020";"14:15:36";"Real Brasileiro";"Compra";"-R$ 212,78";"R$ 2.237,22"
"08/06/2020";"14:12:54";"Bitcoin";"Taxa sobre compra - Executada";"-BTC 0,00001585";"BTC 0,10183076"
"08/06/2020";"14:12:54";"Bitcoin";"Compra";"BTC 0,00633888";"BTC 0,10184661"
"08/06/2020";"14:12:54";"Real Brasileiro";"Compra";"-R$ 304,90";"R$ 2.450,00"
"08/06/2020";"14:12:32";"Bitcoin";"Taxa sobre compra - Executora";"-BTC 0,00018140";"BTC 0,09550773"
"08/06/2020";"14:12:32";"Bitcoin";"Compra";"BTC 0,03628067";"BTC 0,09568913"
"08/06/2020";"14:12:32";"Real Brasileiro";"Compra";"-R$ 1.745,10";"R$ 2.754,90"
"08/06/2020";"14:11:08";"Real Brasileiro";"Depósito bancário";"R$ 4.500,00";"R$ 4.500,00"
"04/06/2020";"14:06:26";"Bitcoin";"Taxa sobre compra - Executada";"-BTC 0,00012120";"BTC 0,05940846"
"04/06/2020";"14:06:26";"Bitcoin";"Compra";"BTC 0,04848061";"BTC 0,05952966"
"04/06/2020";"14:06:26";"Real Brasileiro";"Compra";"-R$ 2.443,42";"R$ 0,00"
"04/06/2020";"14:05:36";"Bitcoin";"Taxa sobre compra - Executada";"-BTC 0,00002769";"BTC 0,01104905"
"04/06/2020";"14:05:36";"Bitcoin";"Compra";"BTC 0,01107674";"BTC 0,01107674"
"04/06/2020";"14:05:36";"Real Brasileiro";"Compra";"-R$ 558,27";"R$ 2.443,42"
"04/06/2020";"14:01:14";"Real Brasileiro";"Depósito bancário";"R$ 3.000,00";"R$ 3.001,69"
"22/05/2020";"09:48:13";"Bitcoin";"Retirada para carteira externa";"-BTC 0,09474552";"BTC 0,00000000"
"22/05/2020";"09:48:13";"Bitcoin";"Taxa de mineração, baixa prioridade";"-BTC 0,00056100";"BTC 0,09474552"
"22/05/2020";"09:40:13";"Bitcoin";"Taxa sobre compra - Executora";"-BTC 0,00039442";"BTC 0,09530652"
"22/05/2020";"09:40:13";"Bitcoin";"Compra";"BTC 0,07888408";"BTC 0,09570094"
"22/05/2020";"09:40:13";"Real Brasileiro";"Compra";"-R$ 4.117,75";"R$ 1,69"
"22/05/2020";"09:40:13";"Bitcoin";"Taxa sobre compra - Executora";"-BTC 0,00008451";"BTC 0,01681686"
"22/05/2020";"09:40:13";"Bitcoin";"Compra";"BTC 0,01690137";"BTC 0,01690137"
"22/05/2020";"09:40:13";"Real Brasileiro";"Compra";"-R$ 880,56";"R$ 4.119,44"
"22/05/2020";"09:35:40";"Real Brasileiro";"Depósito bancário";"R$ 5.000,00";"R$ 5.000,00"
"30/04/2020";"09:07:48";"Ethereum";"Retirada para carteira externa";"-ETH 1,49953308";"ETH 0,00000000"
"30/04/2020";"09:07:48";"Ethereum";"Taxa de mineração, baixa prioridade";"-ETH 0,00128575";"ETH 1,49953308"
"30/04/2020";"08:51:56";"Ethereum";"Taxa sobre compra - Executora";"-ETH 0,00754180";"ETH 1,50081883"
"30/04/2020";"08:51:56";"Ethereum";"Compra";"ETH 1,50836063";"ETH 1,50836063"
"30/04/2020";"08:51:56";"Real Brasileiro";"Compra";"-R$ 1.750,00";"R$ 0,00"
"29/04/2020";"10:23:27";"Real Brasileiro";"Depósito bancário";"R$ 1.750,00";"R$ 1.750,00"
"17/04/2020";"16:30:26";"Bitcoin";"Retirada para carteira externa";"-BTC 0,05362144";"BTC 0,00000000"
"17/04/2020";"16:30:26";"Bitcoin";"Taxa de mineração, baixa prioridade";"-BTC 0,00011968";"BTC 0,05362144"
"17/04/2020";"16:15:29";"Bitcoin";"Taxa sobre compra - Executora";"-BTC 0,00024910";"BTC 0,05374112"
"17/04/2020";"16:15:29";"Bitcoin";"Compra";"BTC 0,04981998";"BTC 0,05399022"
"17/04/2020";"16:15:29";"Real Brasileiro";"Compra";"-R$ 1.845,73";"R$ 0,00"
"17/04/2020";"16:10:13";"Bitcoin";"Taxa sobre compra - Executada";"-BTC 0,00001045";"BTC 0,00417024"
"17/04/2020";"16:10:13";"Bitcoin";"Compra";"BTC 0,00418069";"BTC 0,00418069"
"17/04/2020";"16:10:13";"Real Brasileiro";"Compra";"-R$ 154,27";"R$ 1.845,73"
"17/04/2020";"16:06:59";"Real Brasileiro";"Depósito bancário";"R$ 2.000,00";"R$ 2.000,00"
"16/03/2020";"18:46:49";"Bitcoin";"Retirada para carteira externa";"-BTC 0,06689814";"BTC 0,00000000"
"16/03/2020";"18:46:49";"Bitcoin";"Taxa de mineração, baixa prioridade";"-BTC 0,00011968";"BTC 0,06689814"
"16/03/2020";"18:02:32";"Bitcoin";"Taxa sobre compra - Executada";"-BTC 0,00016796";"BTC 0,06701782"
"16/03/2020";"18:02:32";"Bitcoin";"Compra";"BTC 0,06718578";"BTC 0,06718578"
"16/03/2020";"18:02:32";"Real Brasileiro";"Compra";"-R$ 1.699,80";"R$ 0,00"
"16/03/2020";"17:50:51";"Real Brasileiro";"Depósito bancário";"R$ 1.699,74";"R$ 1.699,80"
"12/03/2020";"20:55:47";"XRP";"Retirada para carteira externa";"-XRP 2.507,750804";"XRP 0,000000"
"12/03/2020";"20:55:47";"XRP";"Taxa de mineração, alta prioridade";"-XRP 0,100000";"XRP 2.507,750804"
"12/03/2020";"20:40:17";"XRP";"Retirada para carteira externa";"-XRP 2.520,900000";"XRP 2.507,850804"
"12/03/2020";"20:40:17";"XRP";"Taxa de mineração, alta prioridade";"-XRP 0,100000";"XRP 5.028,750804"
"12/03/2020";"14:32:50";"Ethereum";"Retirada para carteira externa";"-ETH 3,70165611";"ETH 0,00000000"
"12/03/2020";"14:32:50";"Ethereum";"Taxa de mineração, prioridade normal";"-ETH 0,00634656";"ETH 3,70165611"
"29/02/2020";"18:25:17";"Bitcoin";"Retirada para carteira externa";"-BTC 0,22605926";"BTC 0,00000000"
"29/02/2020";"18:25:17";"Bitcoin";"Taxa de mineração, baixa prioridade";"-BTC 0,00011968";"BTC 0,22605926"
"13/02/2020";"13:13:52";"Ethereum";"Taxa sobre compra - Executora";"-ETH 0,00250679";"ETH 3,70800267"
"13/02/2020";"13:13:52";"Ethereum";"Compra";"ETH 0,50135716";"ETH 3,71050946"
"13/02/2020";"13:13:52";"Real Brasileiro";"Compra";"-R$ 602,09";"R$ 0,06"
"13/02/2020";"13:12:18";"Bitcoin";"Taxa sobre compra - Executora";"-BTC 0,00022224";"BTC 0,22617894"
"13/02/2020";"13:12:18";"Bitcoin";"Compra";"BTC 0,04444840";"BTC 0,22640118"
"13/02/2020";"13:12:18";"Real Brasileiro";"Compra";"-R$ 1.999,98";"R$ 602,15"
"13/02/2020";"13:10:12";"XRP";"Taxa sobre compra - Executora";"-XRP 10,062069";"XRP 5.028,850804"
"13/02/2020";"13:10:12";"XRP";"Compra";"XRP 2.012,413793";"XRP 5.038,912873"
"13/02/2020";"13:10:12";"Real Brasileiro";"Compra";"-R$ 2.897,88";"R$ 2.602,13"
"13/02/2020";"13:02:36";"Real Brasileiro";"Depósito bancário";"R$ 5.500,00";"R$ 5.500,01"
"11/02/2020";"18:08:02";"Ethereum";"Taxa sobre compra - Executora";"-ETH 0,00254251";"ETH 3,20915230"
"11/02/2020";"18:08:02";"Ethereum";"Compra";"ETH 0,50850244";"ETH 3,21169481"
"11/02/2020";"18:08:02";"Real Brasileiro";"Compra";"-R$ 526,81";"R$ 0,01"
"11/02/2020";"18:08:02";"Ethereum";"Taxa sobre compra - Executora";"-ETH 0,00228370";"ETH 2,70319237"
"11/02/2020";"18:08:02";"Ethereum";"Compra";"ETH 0,45673921";"ETH 2,70547607"
"11/02/2020";"18:08:02";"Real Brasileiro";"Compra";"-R$ 473,18";"R$ 526,82"
"11/02/2020";"18:06:39";"Bitcoin";"Taxa sobre compra - Executora";"-BTC 0,00045167";"BTC 0,18195278"
"11/02/2020";"18:06:39";"Bitcoin";"Compra";"BTC 0,09033424";"BTC 0,18240445"
"11/02/2020";"18:06:39";"Real Brasileiro";"Compra";"-R$ 4.000,00";"R$ 1.000,00"
"11/02/2020";"18:04:03";"Real Brasileiro";"Depósito bancário";"R$ 5.000,00";"R$ 5.000,00"
"10/02/2020";"09:27:42";"XRP";"Taxa sobre compra - Executada";"-XRP 0,588558";"XRP 3.026,499080"
"10/02/2020";"09:27:42";"XRP";"Compra";"XRP 235,423238";"XRP 3.027,087638"
"10/02/2020";"09:27:42";"Real Brasileiro";"Compra";"-R$ 277,80";"R$ 0,00"
"10/02/2020";"09:27:01";"XRP";"Taxa sobre compra - Executada";"-XRP 0,422078";"XRP 2.791,664401"
"10/02/2020";"09:27:01";"XRP";"Compra";"XRP 168,831000";"XRP 2.792,086478"
"10/02/2020";"09:27:01";"Real Brasileiro";"Compra";"-R$ 199,22";"R$ 277,80"
"10/02/2020";"09:25:42";"XRP";"Taxa sobre compra - Executora";"-XRP 8,153263";"XRP 2.623,255478"
"10/02/2020";"09:25:42";"XRP";"Compra";"XRP 1.630,652542";"XRP 2.631,408741"
"10/02/2020";"09:25:42";"Real Brasileiro";"Compra";"-R$ 1.924,17";"R$ 477,02"
"10/02/2020";"09:19:27";"Real Brasileiro";"Depósito bancário";"R$ 2.400,00";"R$ 2.401,19"
"08/02/2020";"09:02:57";"Ethereum";"Taxa sobre compra - Executora";"-ETH 0,00484081";"ETH 2,24873686"
"08/02/2020";"09:02:57";"Ethereum";"Compra";"ETH 0,96816187";"ETH 2,25357767"
"08/02/2020";"09:02:57";"Real Brasileiro";"Compra";"-R$ 947,38";"R$ 1,19"
"08/02/2020";"09:02:57";"Ethereum";"Taxa sobre compra - Executora";"-ETH 0,00171494";"ETH 1,28541580"
"08/02/2020";"09:02:57";"Ethereum";"Compra";"ETH 0,34298853";"ETH 1,28713074"
"08/02/2020";"09:02:57";"Real Brasileiro";"Compra";"-R$ 334,43";"R$ 948,57"
"08/02/2020";"08:58:49";"XRP";"Taxa sobre compra - Executora";"-XRP 1,309917";"XRP 1.000,756199"
"08/02/2020";"08:58:49";"XRP";"Compra";"XRP 261,983471";"XRP 1.002,066116"
"08/02/2020";"08:58:49";"Real Brasileiro";"Compra";"-R$ 317,00";"R$ 1.283,00"
"08/02/2020";"08:52:26";"Bitcoin";"Taxa sobre compra - Executora";"-BTC 0,00013064";"BTC 0,09207021"
"08/02/2020";"08:52:26";"Bitcoin";"Compra";"BTC 0,02612827";"BTC 0,09220085"
"08/02/2020";"08:52:26";"Real Brasileiro";"Compra";"-R$ 1.100,00";"R$ 1.600,00"
"07/02/2020";"10:50:44";"XRP";"Taxa sobre compra - Executora";"-XRP 3,719008";"XRP 740,082645"
"07/02/2020";"10:50:44";"XRP";"Compra";"XRP 743,801653";"XRP 743,801653"
"07/02/2020";"10:50:44";"Real Brasileiro";"Compra";"-R$ 900,00";"R$ 2.700,00"
"07/02/2020";"10:49:27";"Ethereum";"Taxa sobre compra - Executora";"-ETH 0,00474443";"ETH 0,94414221"
"07/02/2020";"10:49:27";"Ethereum";"Compra";"ETH 0,94888664";"ETH 0,94888664"
"07/02/2020";"10:49:27";"Real Brasileiro";"Compra";"-R$ 900,00";"R$ 3.600,00"
"07/02/2020";"10:48:13";"Bitcoin";"Taxa sobre compra - Executora";"-BTC 0,00010753";"BTC 0,06607258"
"07/02/2020";"10:48:13";"Bitcoin";"Compra";"BTC 0,02150538";"BTC 0,06618011"
"07/02/2020";"10:48:13";"Real Brasileiro";"Compra";"-R$ 900,00";"R$ 4.500,00"
"06/02/2020";"17:29:08";"Real Brasileiro";"Depósito bancário";"R$ 5.400,00";"R$ 5.400,00"
"05/02/2020";"11:17:38";"Bitcoin";"Taxa sobre compra - Executora";"-BTC 0,00022450";"BTC 0,04467473"
"05/02/2020";"11:17:38";"Bitcoin";"Compra";"BTC 0,04489923";"BTC 0,04489923"
"05/02/2020";"11:17:38";"Real Brasileiro";"Compra";"-R$ 1.800,01";"R$ 0,00"
"05/02/2020";"11:14:33";"Real Brasileiro";"Depósito bancário";"R$ 1.800,00";"R$ 1.800,01"
"29/01/2020";"10:21:22";"Ethereum";"Retirada para carteira externa";"-ETH 2,06100847";"ETH 0,00000000"
"29/01/2020";"10:21:22";"Ethereum";"Taxa de mineração, baixa prioridade";"-ETH 0,00009240";"ETH 2,06100847"
"14/01/2020";"21:46:15";"Bitcoin";"Retirada para carteira externa";"-BTC 0,02858278";"BTC 0,00000000"
"14/01/2020";"21:46:15";"Bitcoin";"Taxa de mineração, baixa prioridade";"-BTC 0,00011968";"BTC 0,02858278"
"14/01/2020";"21:37:54";"Bitcoin";"Taxa sobre compra - Executora";"-BTC 0,00010451";"BTC 0,02870246"
"14/01/2020";"21:37:54";"Bitcoin";"Compra";"BTC 0,02090149";"BTC 0,02880697"
"14/01/2020";"21:37:54";"Real Brasileiro";"Compra";"-R$ 760,81";"R$ 0,01"
"14/01/2020";"21:37:54";"Bitcoin";"Taxa sobre compra - Executora";"-BTC 0,00003973";"BTC 0,00790548"
"14/01/2020";"21:37:54";"Bitcoin";"Compra";"BTC 0,00794521";"BTC 0,00794521"
"14/01/2020";"21:37:54";"Real Brasileiro";"Compra";"-R$ 289,20";"R$ 760,82"
"14/01/2020";"15:25:22";"Ethereum";"Taxa sobre compra - Executora";"-ETH 0,00011789";"ETH 2,06110087"
"14/01/2020";"15:25:22";"Ethereum";"Compra";"ETH 0,02357816";"ETH 2,06121876"
"14/01/2020";"15:25:22";"Real Brasileiro";"Compra";"-R$ 16,50";"R$ 1.050,02"
"14/01/2020";"15:25:22";"Ethereum";"Taxa sobre compra - Executora";"-ETH 0,00023940";"ETH 2,03764060"
"14/01/2020";"15:25:22";"Ethereum";"Compra";"ETH 0,04788000";"ETH 2,03788000"
"14/01/2020";"15:25:22";"Real Brasileiro";"Compra";"-R$ 33,52";"R$ 1.066,52"
"14/01/2020";"15:25:22";"Ethereum";"Taxa sobre compra - Executora";"-ETH 0,01000000";"ETH 1,99000000"
"14/01/2020";"15:25:22";"Ethereum";"Compra";"ETH 2,00000000";"ETH 2,00000000"
"14/01/2020";"15:25:22";"Real Brasileiro";"Compra";"-R$ 1.399,96";"R$ 1.100,04"
"14/01/2020";"14:24:51";"Real Brasileiro";"Depósito bancário";"R$ 2.500,00";"R$ 2.500,00"
"07/01/2020";"16:11:41";"Ethereum";"Retirada para carteira externa";"-ETH 0,19104263";"ETH 0,00000000"
"07/01/2020";"16:11:41";"Ethereum";"Taxa de mineração, baixa prioridade";"-ETH 0,00006930";"ETH 0,19104263"
"07/01/2020";"15:23:53";"Ethereum";"Retirada para carteira externa";"-ETH 5,00025380";"ETH 0,19111193"
"07/01/2020";"15:23:53";"Ethereum";"Taxa de mineração, baixa prioridade";"-ETH 0,00004620";"ETH 5,19136573"
"07/01/2020";"15:05:10";"Ethereum";"Taxa sobre compra - Executora";"-ETH 0,02608750";"ETH 5,19141193"
"07/01/2020";"15:05:10";"Ethereum";"Compra";"ETH 5,21749943";"ETH 5,21749943"
"07/01/2020";"15:05:10";"Real Brasileiro";"Compra";"-R$ 3.000,01";"R$ 0,00"
"07/01/2020";"14:45:55";"Real Brasileiro";"Depósito bancário";"R$ 3.000,00";"R$ 3.000,01"
"28/12/2019";"15:38:26";"Bitcoin";"Retirada para carteira externa";"-BTC 0,12178548";"BTC 0,00000000"
"28/12/2019";"15:38:26";"Bitcoin";"Taxa de mineração, baixa prioridade";"-BTC 0,00011968";"BTC 0,12178548"
"05/12/2019";"10:41:54";"XRP";"Retirada para carteira externa";"-XRP 2.845,416285";"XRP 0,000001"
"05/12/2019";"10:41:54";"XRP";"Taxa de mineração, alta prioridade";"-XRP 0,010000";"XRP 2.845,416286"
"05/12/2019";"10:36:40";"Bitcoin";"Taxa sobre compra - Executada";"-BTC 0,00000019";"BTC 0,12190516"
"05/12/2019";"10:36:40";"Bitcoin";"Compra";"BTC 0,00007443";"BTC 0,12190535"
"05/12/2019";"10:36:40";"Real Brasileiro";"Compra";"-R$ 2,34";"R$ 0,01"
"05/12/2019";"10:36:36";"Bitcoin";"Taxa sobre compra - Executada";"-BTC 0,00000620";"BTC 0,12183092"
"05/12/2019";"10:36:36";"Bitcoin";"Compra";"BTC 0,00247880";"BTC 0,12183712"
"05/12/2019";"10:36:36";"Real Brasileiro";"Compra";"-R$ 77,83";"R$ 2,35"
"05/12/2019";"10:36:33";"Bitcoin";"Taxa sobre compra - Executada";"-BTC 0,00000620";"BTC 0,11935832"
"05/12/2019";"10:36:33";"Bitcoin";"Compra";"BTC 0,00247880";"BTC 0,11936452"
"05/12/2019";"10:36:33";"Real Brasileiro";"Compra";"-R$ 77,83";"R$ 80,18"
"05/12/2019";"10:36:27";"Bitcoin";"Taxa sobre compra - Executada";"-BTC 0,00000620";"BTC 0,11688572"
"05/12/2019";"10:36:27";"Bitcoin";"Compra";"BTC 0,00247880";"BTC 0,11689192"
"05/12/2019";"10:36:27";"Real Brasileiro";"Compra";"-R$ 77,83";"R$ 158,01"
"05/12/2019";"10:33:13";"Bitcoin";"Taxa sobre compra - Executora";"-BTC 0,00016891";"BTC 0,11441312"
"05/12/2019";"10:33:13";"Bitcoin";"Compra";"BTC 0,03378153";"BTC 0,11458203"
"05/12/2019";"10:33:13";"Real Brasileiro";"Compra";"-R$ 1.064,16";"R$ 235,84"
"05/12/2019";"10:31:46";"XRP";"Taxa sobre compra - Executora";"-XRP 8,351578";"XRP 2.845,426286"
"05/12/2019";"10:31:46";"XRP";"Compra";"XRP 1.670,315539";"XRP 2.853,777863"
"05/12/2019";"10:31:46";"Real Brasileiro";"Compra";"-R$ 1.553,39";"R$ 1.300,00"
"05/12/2019";"10:31:46";"XRP";"Taxa sobre compra - Executora";"-XRP 0,788207";"XRP 1.183,462325"
"05/12/2019";"10:31:46";"XRP";"Compra";"XRP 157,641451";"XRP 1.184,250532"
"05/12/2019";"10:31:46";"Real Brasileiro";"Compra";"-R$ 146,61";"R$ 2.853,39"
"05/12/2019";"10:25:19";"Real Brasileiro";"Depósito bancário";"R$ 3.000,00";"R$ 3.000,00"
"27/11/2019";"21:42:37";"XRP";"Taxa sobre compra - Executada";"-XRP 0,580869";"XRP 1.026,609081"
"27/11/2019";"21:42:37";"XRP";"Compra";"XRP 232,347791";"XRP 1.027,189951"
"27/11/2019";"21:42:37";"Real Brasileiro";"Compra";"-R$ 225,38";"R$ 0,00"
"27/11/2019";"19:56:01";"XRP";"Taxa sobre compra - Executada";"-XRP 0,124383";"XRP 794,842160"
"27/11/2019";"19:56:01";"XRP";"Compra";"XRP 49,753141";"XRP 794,966543"
"27/11/2019";"19:56:01";"Real Brasileiro";"Compra";"-R$ 48,26";"R$ 225,38"
"27/11/2019";"19:02:40";"XRP";"Taxa sobre compra - Executada";"-XRP 0,140890";"XRP 745,213402"
"27/11/2019";"19:02:40";"XRP";"Compra";"XRP 56,355932";"XRP 745,354292"
"27/11/2019";"19:02:40";"Real Brasileiro";"Compra";"-R$ 54,67";"R$ 273,64"
"27/11/2019";"19:01:50";"XRP";"Taxa sobre compra - Executora";"-XRP 3,462303";"XRP 688,998360"
"27/11/2019";"19:01:50";"XRP";"Compra";"XRP 692,460662";"XRP 692,460663"
"27/11/2019";"19:01:50";"Real Brasileiro";"Compra";"-R$ 671,69";"R$ 328,31"
"27/11/2019";"18:09:15";"Real Brasileiro";"Depósito bancário";"R$ 1.000,00";"R$ 1.000,00"
"25/11/2019";"21:29:52";"Bitcoin";"Taxa sobre compra - Executora";"-BTC 0,00020391";"BTC 0,08080050"
"25/11/2019";"21:29:52";"Bitcoin";"Compra";"BTC 0,04078264";"BTC 0,08100441"
"25/11/2019";"21:29:52";"Real Brasileiro";"Compra";"-R$ 1.250,00";"R$ 0,00"
"25/11/2019";"14:38:25";"Bitcoin";"Taxa sobre compra - Executada";"-BTC 0,00002286";"BTC 0,04022177"
"25/11/2019";"14:38:25";"Bitcoin";"Compra";"BTC 0,00914383";"BTC 0,04024463"
"25/11/2019";"14:38:25";"Real Brasileiro";"Compra";"-R$ 283,46";"R$ 1.250,00"
"25/11/2019";"14:38:21";"Bitcoin";"Taxa sobre compra - Executada";"-BTC 0,00002795";"BTC 0,03110080"
"25/11/2019";"14:38:21";"Bitcoin";"Compra";"BTC 0,01117875";"BTC 0,03112875"
"25/11/2019";"14:38:21";"Real Brasileiro";"Compra";"-R$ 346,54";"R$ 1.533,46"
"25/11/2019";"14:38:12";"Bitcoin";"Taxa sobre compra - Executada";"-BTC 0,00005000";"BTC 0,01995000"
"25/11/2019";"14:38:12";"Bitcoin";"Compra";"BTC 0,02000000";"BTC 0,02000000"
"25/11/2019";"14:38:12";"Real Brasileiro";"Compra";"-R$ 620,00";"R$ 1.880,00"
"25/11/2019";"13:15:25";"Real Brasileiro";"Depósito bancário";"R$ 2.500,00";"R$ 2.500,00"
"17/11/2019";"22:11:49";"Bitcoin";"Retirada para carteira externa";"-BTC 0,05069294";"BTC 0,00000000"
"17/11/2019";"22:11:49";"Bitcoin";"Taxa de mineração, baixa prioridade";"-BTC 0,00011968";"BTC 0,05069294"
"16/11/2019";"17:16:13";"XRP";"Retirada para carteira externa";"-XRP 2.570,406666";"XRP 0,000001"
"16/11/2019";"17:16:13";"XRP";"Taxa de mineração, alta prioridade";"-XRP 0,010000";"XRP 2.570,406667"
"31/10/2019";"10:54:05";"Bitcoin";"Taxa sobre compra - Executada";"-BTC 0,00012735";"BTC 0,05081262"
"31/10/2019";"10:54:05";"Bitcoin";"Compra";"BTC 0,05093997";"BTC 0,05093997"
"31/10/2019";"10:54:05";"Real Brasileiro";"Compra";"-R$ 1.900,01";"R$ 0,00"
"29/10/2019";"18:09:52";"XRP";"Taxa sobre compra - Executora";"-XRP 0,005848";"XRP 2.570,416667"
"29/10/2019";"18:09:52";"XRP";"Compra";"XRP 1,169575";"XRP 2.570,422515"
"29/10/2019";"18:09:52";"Real Brasileiro";"Compra";"-R$ 1,40";"R$ 1.900,01"
"29/10/2019";"18:09:52";"XRP";"Taxa sobre compra - Executora";"-XRP 1,570638";"XRP 2.569,252940"
"29/10/2019";"18:09:52";"XRP";"Compra";"XRP 314,127500";"XRP 2.570,823577"
"29/10/2019";"18:09:52";"Real Brasileiro";"Compra";"-R$ 376,95";"R$ 1.901,41"
"29/10/2019";"18:09:52";"XRP";"Taxa sobre compra - Executora";"-XRP 2,241008";"XRP 2.256,696077"
"29/10/2019";"18:09:52";"XRP";"Compra";"XRP 448,201612";"XRP 2.258,937085"
"29/10/2019";"18:09:52";"Real Brasileiro";"Compra";"-R$ 537,84";"R$ 2.278,36"
"29/10/2019";"18:09:52";"XRP";"Taxa sobre compra - Executora";"-XRP 0,419984";"XRP 1.810,735473"
"29/10/2019";"18:09:52";"XRP";"Compra";"XRP 83,996710";"XRP 1.811,155457"
"29/10/2019";"18:09:52";"Real Brasileiro";"Compra";"-R$ 100,80";"R$ 2.816,20"
"29/10/2019";"18:09:52";"XRP";"Taxa sobre compra - Executora";"-XRP 0,511538";"XRP 1.727,158747"
"29/10/2019";"18:09:52";"XRP";"Compra";"XRP 102,307693";"XRP 1.727,670285"
"29/10/2019";"18:09:52";"Real Brasileiro";"Compra";"-R$ 122,77";"R$ 2.917,00"
"29/10/2019";"18:09:52";"XRP";"Taxa sobre compra - Executora";"-XRP 1,567814";"XRP 1.625,362592"
"29/10/2019";"18:09:52";"XRP";"Compra";"XRP 313,562813";"XRP 1.626,930407"
"29/10/2019";"18:09:52";"Real Brasileiro";"Compra";"-R$ 376,28";"R$ 3.039,77"
"29/10/2019";"18:09:52";"XRP";"Taxa sobre compra - Executora";"-XRP 0,497502";"XRP 1.313,367594"
"29/10/2019";"18:09:52";"XRP";"Compra";"XRP 99,500400";"XRP 1.313,865096"
"29/10/2019";"18:09:52";"Real Brasileiro";"Compra";"-R$ 119,40";"R$ 3.416,05"
"29/10/2019";"18:09:52";"XRP";"Taxa sobre compra - Executora";"-XRP 0,979340";"XRP 1.214,364696"
"29/10/2019";"18:09:52";"XRP";"Compra";"XRP 195,868076";"XRP 1.215,344036"
"29/10/2019";"18:09:52";"Real Brasileiro";"Compra";"-R$ 235,04";"R$ 3.535,45"
"29/10/2019";"18:09:52";"XRP";"Taxa sobre compra - Executora";"-XRP 0,213184";"XRP 1.019,475960"
"29/10/2019";"18:09:52";"XRP";"Compra";"XRP 42,636731";"XRP 1.019,689144"
"29/10/2019";"18:09:52";"Real Brasileiro";"Compra";"-R$ 51,16";"R$ 3.770,49"
"29/10/2019";"18:09:52";"XRP";"Taxa sobre compra - Executora";"-XRP 0,250000";"XRP 977,052413"
"29/10/2019";"18:09:52";"XRP";"Compra";"XRP 50,000000";"XRP 977,302413"
"29/10/2019";"18:09:52";"Real Brasileiro";"Compra";"-R$ 60,00";"R$ 3.821,65"
"29/10/2019";"18:09:52";"XRP";"Taxa sobre compra - Executora";"-XRP 0,223875";"XRP 927,302413"
"29/10/2019";"18:09:52";"XRP";"Compra";"XRP 44,775000";"XRP 927,526288"
"29/10/2019";"18:09:52";"Real Brasileiro";"Compra";"-R$ 53,73";"R$ 3.881,65"
"29/10/2019";"18:09:52";"XRP";"Taxa sobre compra - Executora";"-XRP 0,940726";"XRP 882,751288"
"29/10/2019";"18:09:52";"XRP";"Compra";"XRP 188,145125";"XRP 883,692013"
"29/10/2019";"18:09:52";"Real Brasileiro";"Compra";"-R$ 225,77";"R$ 3.935,38"
"29/10/2019";"18:09:52";"XRP";"Taxa sobre compra - Executora";"-XRP 0,213184";"XRP 695,546888"
"29/10/2019";"18:09:52";"XRP";"Compra";"XRP 42,636731";"XRP 695,760072"
"29/10/2019";"18:09:52";"Real Brasileiro";"Compra";"-R$ 51,16";"R$ 4.161,15"
"29/10/2019";"18:09:52";"XRP";"Taxa sobre compra - Executora";"-XRP 0,845000";"XRP 653,123341"
"29/10/2019";"18:09:52";"XRP";"Compra";"XRP 169,000000";"XRP 653,968341"
"29/10/2019";"18:09:52";"Real Brasileiro";"Compra";"-R$ 202,80";"R$ 4.212,31"
"29/10/2019";"18:09:52";"XRP";"Taxa sobre compra - Executora";"-XRP 0,421610";"XRP 484,968341"
"29/10/2019";"18:09:52";"XRP";"Compra";"XRP 84,322034";"XRP 485,389951"
"29/10/2019";"18:09:52";"Real Brasileiro";"Compra";"-R$ 101,19";"R$ 4.415,11"
"29/10/2019";"18:09:52";"XRP";"Taxa sobre compra - Executora";"-XRP 0,202500";"XRP 401,067917"
"29/10/2019";"18:09:52";"XRP";"Compra";"XRP 40,500000";"XRP 401,270417"
"29/10/2019";"18:09:52";"Real Brasileiro";"Compra";"-R$ 48,60";"R$ 4.516,30"
"29/10/2019";"18:09:52";"XRP";"Taxa sobre compra - Executora";"-XRP 1,812917";"XRP 360,770417"
"29/10/2019";"18:09:52";"XRP";"Compra";"XRP 362,583333";"XRP 362,583334"
"29/10/2019";"18:09:52";"Real Brasileiro";"Compra";"-R$ 435,10";"R$ 4.564,90"
"29/10/2019";"18:05:14";"Real Brasileiro";"Depósito bancário";"R$ 5.000,00";"R$ 5.000,00"
"07/10/2019";"20:42:42";"Ethereum";"Retirada para carteira externa";"-ETH 1,36859204";"ETH 0,00000000"
"07/10/2019";"20:42:42";"Ethereum";"Taxa de mineração, baixa prioridade";"-ETH 0,00004620";"ETH 1,36859204"
"07/10/2019";"20:38:51";"XRP";"Retirada para carteira externa";"-XRP 1.761,051947";"XRP 0,000000"
"07/10/2019";"20:38:51";"XRP";"Taxa de mineração, alta prioridade";"-XRP 0,010000";"XRP 1.761,051947"
"07/10/2019";"09:54:20";"XRP";"Taxa sobre compra - Executora";"-XRP 1,973265";"XRP 1.761,061947"
"07/10/2019";"09:54:20";"XRP";"Compra";"XRP 394,653051";"XRP 1.763,035213"
"07/10/2019";"09:54:20";"Real Brasileiro";"Compra";"-R$ 445,96";"R$ 0,00"
"07/10/2019";"09:54:20";"XRP";"Taxa sobre compra - Executora";"-XRP 3,432620";"XRP 1.368,382161"
"07/10/2019";"09:54:20";"XRP";"Compra";"XRP 686,523940";"XRP 1.371,814781"
"07/10/2019";"09:54:20";"Real Brasileiro";"Compra";"-R$ 775,77";"R$ 445,96"
"07/10/2019";"09:54:20";"XRP";"Taxa sobre compra - Executora";"-XRP 3,443673";"XRP 685,290841"
"07/10/2019";"09:54:20";"XRP";"Compra";"XRP 688,734513";"XRP 688,734514"
"07/10/2019";"09:54:20";"Real Brasileiro";"Compra";"-R$ 778,27";"R$ 1.221,73"
"07/10/2019";"09:49:37";"Ethereum";"Taxa sobre compra - Executora";"-ETH 0,00687758";"ETH 1,36863824"
"07/10/2019";"09:49:37";"Ethereum";"Compra";"ETH 1,37551582";"ETH 1,37551582"
"07/10/2019";"09:49:37";"Real Brasileiro";"Compra";"-R$ 1.000,00";"R$ 2.000,00"
"07/10/2019";"09:47:02";"Real Brasileiro";"Depósito bancário";"R$ 3.000,00";"R$ 3.000,00"
"04/10/2019";"17:22:49";"Ethereum";"Retirada para carteira externa";"-ETH 0,58469518";"ETH 0,00000000"
"04/10/2019";"17:22:49";"Ethereum";"Taxa de mineração, baixa prioridade";"-ETH 0,00004620";"ETH 0,58469518"
"04/10/2019";"17:14:16";"XRP";"Retirada para carteira externa";"-XRP 1.484,921491";"XRP 0,000000"
"04/10/2019";"17:14:16";"XRP";"Taxa de mineração, alta prioridade";"-XRP 0,010000";"XRP 1.484,921491"
"04/10/2019";"17:02:48";"Ethereum";"Taxa sobre compra - Executada";"-ETH 0,00137898";"ETH 0,58474138"
"04/10/2019";"17:02:48";"Ethereum";"Compra";"ETH 0,55159180";"ETH 0,58612036"
"04/10/2019";"17:02:48";"Real Brasileiro";"Compra";"-R$ 399,90";"R$ 0,00"
"04/10/2019";"16:58:28";"XRP";"Taxa sobre compra - Executora";"-XRP 0,208561";"XRP 1.484,931491"
"04/10/2019";"16:58:28";"XRP";"Compra";"XRP 41,712264";"XRP 1.485,140053"
"04/10/2019";"16:58:28";"Real Brasileiro";"Compra";"-R$ 43,80";"R$ 399,90"
"04/10/2019";"16:58:28";"XRP";"Taxa sobre compra - Executora";"-XRP 0,191872";"XRP 1.443,427789"
"04/10/2019";"16:58:28";"XRP";"Compra";"XRP 38,374411";"XRP 1.443,619661"
"04/10/2019";"16:58:28";"Real Brasileiro";"Compra";"-R$ 40,29";"R$ 443,70"
"04/10/2019";"16:58:28";"XRP";"Taxa sobre compra - Executora";"-XRP 0,201679";"XRP 1.405,245250"
"04/10/2019";"16:58:28";"XRP";"Compra";"XRP 40,335801";"XRP 1.405,446929"
"04/10/2019";"16:58:28";"Real Brasileiro";"Compra";"-R$ 42,35";"R$ 483,99"
"04/10/2019";"16:58:28";"XRP";"Taxa sobre compra - Executora";"-XRP 1,421697";"XRP 1.365,111128"
"04/10/2019";"16:58:28";"XRP";"Compra";"XRP 284,339429";"XRP 1.366,532825"
"04/10/2019";"16:58:28";"Real Brasileiro";"Compra";"-R$ 298,56";"R$ 526,34"
"04/10/2019";"16:13:58";"Ethereum";"Taxa sobre compra - Executada";"-ETH 0,00008654";"ETH 0,03452856"
"04/10/2019";"16:13:58";"Ethereum";"Compra";"ETH 0,03461510";"ETH 0,03461510"
"04/10/2019";"16:13:58";"Real Brasileiro";"Compra";"-R$ 25,10";"R$ 824,90"
"25/09/2019";"11:56:10";"XRP";"Taxa sobre compra - Executada";"-XRP 2,493489";"XRP 1.082,193396"
"25/09/2019";"11:56:10";"XRP";"Compra";"XRP 997,395660";"XRP 1.084,686885"
"25/09/2019";"11:56:10";"Real Brasileiro";"Compra";"-R$ 1.057,24";"R$ 850,00"
"25/09/2019";"11:54:20";"XRP";"Taxa sobre compra - Executada";"-XRP 0,218775";"XRP 87,291225"
"25/09/2019";"11:54:20";"XRP";"Compra";"XRP 87,510000";"XRP 87,510000"
"25/09/2019";"11:54:20";"Real Brasileiro";"Compra";"-R$ 92,76";"R$ 1.907,24"
"25/09/2019";"11:45:21";"Real Brasileiro";"Depósito bancário";"R$ 2.000,00";"R$ 2.000,00"
"28/07/2019";"20:43:52";"Bitcoin";"Retirada para carteira externa";"-BTC 0,07919766";"BTC 0,00000000"
"28/07/2019";"20:43:52";"Bitcoin";"Taxa de mineração, baixa prioridade";"-BTC 0,00014960";"BTC 0,07919766"
"27/07/2019";"22:14:08";"Bitcoin";"Taxa sobre compra - Executada";"-BTC 0,00002452";"BTC 0,07934726"
"27/07/2019";"22:14:08";"Bitcoin";"Compra";"BTC 0,00980663";"BTC 0,07937178"
"27/07/2019";"22:14:08";"Real Brasileiro";"Compra";"-R$ 355,00";"R$ 0,00"
"25/07/2019";"23:24:27";"Bitcoin";"Taxa sobre compra - Executada";"-BTC 0,00007425";"BTC 0,06956515"
"25/07/2019";"23:24:27";"Bitcoin";"Compra";"BTC 0,02970121";"BTC 0,06963940"
"25/07/2019";"23:24:27";"Real Brasileiro";"Compra";"-R$ 1.102,51";"R$ 355,00"
"25/07/2019";"23:23:42";"Bitcoin";"Taxa sobre compra - Executada";"-BTC 0,00000286";"BTC 0,03993819"
"25/07/2019";"23:23:42";"Bitcoin";"Compra";"BTC 0,00114459";"BTC 0,03994105"
"25/07/2019";"23:23:42";"Real Brasileiro";"Compra";"-R$ 42,49";"R$ 1.457,51"
"23/07/2019";"19:25:35";"Bitcoin";"Taxa sobre compra - Executora";"-BTC 0,00007065";"BTC 0,03879646"
"23/07/2019";"19:25:35";"Bitcoin";"Compra";"BTC 0,01413034";"BTC 0,03886711"
"23/07/2019";"19:25:35";"Real Brasileiro";"Compra";"-R$ 543,59";"R$ 1.500,00"
"23/07/2019";"19:25:35";"Bitcoin";"Taxa sobre compra - Executora";"-BTC 0,00012431";"BTC 0,02473677"
"23/07/2019";"19:25:35";"Bitcoin";"Compra";"BTC 0,02486108";"BTC 0,02486108"
"23/07/2019";"19:25:35";"Real Brasileiro";"Compra";"-R$ 956,41";"R$ 2.043,59"
"23/07/2019";"17:52:52";"Real Brasileiro";"Depósito bancário";"R$ 3.000,00";"R$ 3.000,00"
"09/07/2019";"17:31:16";"Bitcoin";"Retirada para carteira externa";"-BTC 0,04208573";"BTC 0,00000000"
"09/07/2019";"17:31:16";"Bitcoin";"Taxa de mineração, baixa prioridade";"-BTC 0,00012000";"BTC 0,04208573"
"09/07/2019";"17:26:09";"Bitcoin";"Taxa sobre compra - Executora";"-BTC 0,00021209";"BTC 0,04220573"
"09/07/2019";"17:26:09";"Bitcoin";"Compra";"BTC 0,04241782";"BTC 0,04241782"
"09/07/2019";"17:26:09";"Real Brasileiro";"Compra";"-R$ 2.000,00";"R$ 0,00"
"09/07/2019";"17:23:09";"Real Brasileiro";"Depósito bancário";"R$ 2.000,00";"R$ 2.000,00"
"28/06/2019";"09:37:39";"Bitcoin";"Retirada para carteira externa";"-BTC 0,04317662";"BTC 0,00000000"
"28/06/2019";"09:37:39";"Bitcoin";"Taxa de mineração, baixa prioridade";"-BTC 0,00040018";"BTC 0,04317662"
"28/06/2019";"09:35:21";"Bitcoin";"Taxa sobre compra - Executada";"-BTC 0,00002213";"BTC 0,04357680"
"28/06/2019";"09:35:21";"Bitcoin";"Compra";"BTC 0,00885016";"BTC 0,04359893"
"28/06/2019";"09:35:21";"Real Brasileiro";"Compra";"-R$ 406,47";"R$ 0,00"
"28/06/2019";"09:28:02";"Bitcoin";"Taxa sobre compra - Executada";"-BTC 0,00008375";"BTC 0,03474877"
"28/06/2019";"09:28:02";"Bitcoin";"Compra";"BTC 0,03349912";"BTC 0,03483252"
"28/06/2019";"09:28:02";"Real Brasileiro";"Compra";"-R$ 1.532,58";"R$ 406,47"
"28/06/2019";"09:28:00";"Bitcoin";"Taxa sobre compra - Executada";"-BTC 0,00000334";"BTC 0,00133340"
"28/06/2019";"09:28:00";"Bitcoin";"Compra";"BTC 0,00133674";"BTC 0,00133674"
"28/06/2019";"09:28:00";"Real Brasileiro";"Compra";"-R$ 61,16";"R$ 1.939,05"
"28/06/2019";"09:14:17";"Real Brasileiro";"Depósito bancário";"R$ 2.000,00";"R$ 2.000,21"
"27/06/2019";"12:53:15";"Bitcoin";"Retirada para carteira externa";"-BTC 0,02132719";"BTC 0,00000000"
"27/06/2019";"12:53:15";"Bitcoin";"Taxa de mineração, baixa prioridade";"-BTC 0,00037400";"BTC 0,02132719"
"27/06/2019";"12:50:30";"Bitcoin";"Taxa sobre compra - Executora";"-BTC 0,00000549";"BTC 0,02170119"
"27/06/2019";"12:50:30";"Bitcoin";"Compra";"BTC 0,00109820";"BTC 0,02170668"
"27/06/2019";"12:50:30";"Real Brasileiro";"Compra";"-R$ 50,35";"R$ 0,21"
"27/06/2019";"12:50:30";"Bitcoin";"Taxa sobre compra - Executora";"-BTC 0,00010356";"BTC 0,02060848"
"27/06/2019";"12:50:30";"Bitcoin";"Compra";"BTC 0,02071204";"BTC 0,02071204"
"27/06/2019";"12:50:30";"Real Brasileiro";"Compra";"-R$ 949,44";"R$ 50,56"
"27/06/2019";"11:10:03";"Real Brasileiro";"Depósito bancário";"R$ 1.000,00";"R$ 1.000,00"
"24/05/2019";"10:09:19";"Bitcoin";"Retirada para carteira externa";"-BTC 0,15288026";"BTC 0,00000000"
"24/05/2019";"10:09:19";"Bitcoin";"Taxa de mineração, baixa prioridade";"-BTC 0,00043362";"BTC 0,15288026"
"24/05/2019";"10:04:44";"Bitcoin";"Taxa sobre compra - Executora";"-BTC 0,00077042";"BTC 0,15331388"
"24/05/2019";"10:04:44";"Bitcoin";"Compra";"BTC 0,15408430";"BTC 0,15408430"
"24/05/2019";"10:04:44";"Real Brasileiro";"Compra";"-R$ 5.000,02";"R$ 0,00"
"24/05/2019";"10:03:34";"Real Brasileiro";"Depósito bancário";"R$ 5.000,00";"R$ 5.000,02"
"15/05/2019";"09:46:39";"Bitcoin";"Retirada para carteira externa";"-BTC 0,17130544";"BTC 0,00000000"
"15/05/2019";"09:46:39";"Bitcoin";"Taxa de mineração, baixa prioridade";"-BTC 0,00028908";"BTC 0,17130544"
"13/05/2019";"12:04:34";"Bitcoin";"Taxa sobre compra - Executora";"-BTC 0,00035890";"BTC 0,17159452"
"13/05/2019";"12:04:34";"Bitcoin";"Compra";"BTC 0,07178009";"BTC 0,17195342"
"13/05/2019";"12:04:34";"Real Brasileiro";"Compra";"-R$ 2.152,68";"R$ 0,02"
"13/05/2019";"12:04:34";"Bitcoin";"Taxa sobre compra - Executora";"-BTC 0,00006624";"BTC 0,10017333"
"13/05/2019";"12:04:34";"Bitcoin";"Compra";"BTC 0,01324825";"BTC 0,10023957"
"13/05/2019";"12:04:34";"Real Brasileiro";"Compra";"-R$ 397,30";"R$ 2.152,70"
"13/05/2019";"11:53:21";"Real Brasileiro";"Depósito bancário";"R$ 2.550,00";"R$ 2.550,00"
"10/05/2019";"14:17:50";"Bitcoin";"Taxa sobre compra - Executada";"-BTC 0,00021802";"BTC 0,08699132"
"10/05/2019";"14:17:50";"Bitcoin";"Compra";"BTC 0,08720934";"BTC 0,08720934"
"10/05/2019";"14:17:50";"Real Brasileiro";"Compra";"-R$ 2.250,00";"R$ 0,00"
"10/05/2019";"13:56:21";"Real Brasileiro";"Depósito bancário";"R$ 2.250,00";"R$ 2.250,00"
"26/04/2019";"00:33:20";"Bitcoin";"Retirada para carteira externa";"-BTC 0,11211175";"BTC 0,00000000"
"26/04/2019";"00:33:20";"Bitcoin";"Taxa de mineração, baixa prioridade";"-BTC 0,00019710";"BTC 0,11211175"
"25/04/2019";"15:58:35";"Bitcoin";"Taxa sobre compra - Executora";"-BTC 0,00056437";"BTC 0,11230885"
"25/04/2019";"15:58:35";"Bitcoin";"Compra";"BTC 0,11287322";"BTC 0,11287322"
"25/04/2019";"15:58:35";"Real Brasileiro";"Compra";"-R$ 2.505,22";"R$ 0,00"
"25/04/2019";"15:54:00";"Real Brasileiro";"Depósito bancário";"R$ 2.500,00";"R$ 2.505,22"
"10/04/2019";"17:01:14";"Bitcoin";"Retirada para carteira externa";"-BTC 0,24988889";"BTC 0,00000000"
"10/04/2019";"17:01:14";"Bitcoin";"Taxa de mineração, baixa prioridade";"-BTC 0,00049056";"BTC 0,24988889"
"06/04/2019";"12:55:40";"Bitcoin";"Taxa sobre compra - Executora";"-BTC 0,00031794";"BTC 0,25037945"
"06/04/2019";"12:55:40";"Bitcoin";"Compra";"BTC 0,06358805";"BTC 0,25069739"
"06/04/2019";"12:55:40";"Real Brasileiro";"Compra";"-R$ 1.262,22";"R$ 5,22"
"06/04/2019";"12:55:40";"Bitcoin";"Taxa sobre compra - Executora";"-BTC 0,00001535";"BTC 0,18710934"
"06/04/2019";"12:55:40";"Bitcoin";"Compra";"BTC 0,00307029";"BTC 0,18712469"
"06/04/2019";"12:55:40";"Real Brasileiro";"Compra";"-R$ 60,95";"R$ 1.267,44"
"06/04/2019";"12:55:40";"Bitcoin";"Taxa sobre compra - Executora";"-BTC 0,00092490";"BTC 0,18405440"
"06/04/2019";"12:55:40";"Bitcoin";"Compra";"BTC 0,18497930";"BTC 0,18497930"
"06/04/2019";"12:55:40";"Real Brasileiro";"Compra";"-R$ 3.671,65";"R$ 1.328,39"
"05/04/2019";"17:32:45";"Real Brasileiro";"Depósito bancário";"R$ 5.000,00";"R$ 5.000,04"
"03/04/2019";"21:40:16";"Bitcoin";"Retirada para carteira externa";"-BTC 0,26006749";"BTC 0,00000000"
"03/04/2019";"21:40:16";"Bitcoin";"Taxa de mineração, baixa prioridade";"-BTC 0,00044676";"BTC 0,26006749"
"02/04/2019";"07:07:17";"Bitcoin";"Taxa sobre compra - Executora";"-BTC 0,00120681";"BTC 0,26051425"
"02/04/2019";"07:07:17";"Bitcoin";"Compra";"BTC 0,24136228";"BTC 0,26172106"
"02/04/2019";"07:07:17";"Real Brasileiro";"Compra";"-R$ 4.424,89";"R$ 0,04"
"02/04/2019";"07:07:17";"Bitcoin";"Taxa sobre compra - Executora";"-BTC 0,00010231";"BTC 0,02035878"
"02/04/2019";"07:07:17";"Bitcoin";"Compra";"BTC 0,02046109";"BTC 0,02046109"
"02/04/2019";"07:07:17";"Real Brasileiro";"Compra";"-R$ 375,07";"R$ 4.424,93"
"02/04/2019";"06:51:17";"Real Brasileiro";"Depósito bancário";"R$ 4.800,00";"R$ 4.800,00"
"29/03/2019";"17:06:18";"Bitcoin";"Retirada para carteira externa";"-BTC 0,25685733";"BTC 0,00000000"
"29/03/2019";"17:06:18";"Bitcoin";"Taxa de mineração, baixa prioridade";"-BTC 0,00022776";"BTC 0,25685733"
"29/03/2019";"16:55:30";"Bitcoin";"Taxa sobre compra - Executora";"-BTC 0,00129188";"BTC 0,25708509"
"29/03/2019";"16:55:30";"Bitcoin";"Compra";"BTC 0,25837697";"BTC 0,25837697"
"29/03/2019";"16:55:30";"Real Brasileiro";"Compra";"-R$ 4.205,08";"R$ 0,00"
"29/03/2019";"16:51:13";"Real Brasileiro";"Depósito bancário";"R$ 4.200,00";"R$ 4.205,08"
"19/03/2019";"15:40:41";"Litecoin";"Retirada para carteira externa";"-LTC 8,14801132";"LTC 0,00000000"
"19/03/2019";"15:40:41";"Litecoin";"Taxa de mineração, baixa prioridade";"-LTC 0,00030000";"LTC 8,14801132"
"19/03/2019";"15:35:00";"Litecoin";"Retirada para carteira externa";"LTC 8,14801132";"LTC 8,14831132"
"19/03/2019";"15:35:00";"Litecoin";"Taxa de mineração, baixa prioridade";"LTC 0,00030000";"LTC 0,00030000"
"19/03/2019";"15:31:14";"Bitcoin";"Retirada para carteira externa";"-BTC 0,26483717";"BTC 0,00000000"
"19/03/2019";"15:31:14";"Bitcoin";"Taxa de mineração, baixa prioridade";"-BTC 0,00010000";"BTC 0,26483717"
"19/03/2019";"14:57:15";"Litecoin";"Retirada para carteira externa";"-LTC 8,14801132";"LTC 0,00000000"
"19/03/2019";"14:57:15";"Litecoin";"Taxa de mineração, baixa prioridade";"-LTC 0,00030000";"LTC 8,14801132"
"19/03/2019";"14:45:34";"Litecoin";"Taxa sobre compra - Executora";"-LTC 0,03505714";"LTC 8,14831132"
"19/03/2019";"14:45:34";"Litecoin";"Compra";"LTC 7,01142737";"LTC 8,18336846"
"19/03/2019";"14:45:34";"Real Brasileiro";"Compra";"-R$ 1.622,44";"R$ 5,08"
"19/03/2019";"14:45:34";"Litecoin";"Taxa sobre compra - Executora";"-LTC 0,00340160";"LTC 1,17194109"
"19/03/2019";"14:45:34";"Litecoin";"Compra";"LTC 0,68031974";"LTC 1,17534269"
"19/03/2019";"14:45:34";"Real Brasileiro";"Compra";"-R$ 157,40";"R$ 1.627,52"
"19/03/2019";"14:45:34";"Litecoin";"Taxa sobre compra - Executora";"-LTC 0,00087500";"LTC 0,49502295"
"19/03/2019";"14:45:34";"Litecoin";"Compra";"LTC 0,17500000";"LTC 0,49589795"
"19/03/2019";"14:45:34";"Real Brasileiro";"Compra";"-R$ 40,48";"R$ 1.784,92"
"19/03/2019";"14:43:39";"Bitcoin";"Taxa sobre compra - Executora";"-BTC 0,00132786";"BTC 0,26493717"
"19/03/2019";"14:43:39";"Bitcoin";"Compra";"BTC 0,26557105";"BTC 0,26626503"
"19/03/2019";"14:43:39";"Real Brasileiro";"Compra";"-R$ 4.089,26";"R$ 1.825,40"
"19/03/2019";"14:43:39";"Bitcoin";"Taxa sobre compra - Executora";"-BTC 0,00000349";"BTC 0,00069398"
"19/03/2019";"14:43:39";"Bitcoin";"Compra";"BTC 0,00069747";"BTC 0,00069747"
"19/03/2019";"14:43:39";"Real Brasileiro";"Compra";"-R$ 10,73";"R$ 5.914,66"
"19/03/2019";"14:40:19";"Litecoin";"Taxa sobre compra - Executora";"-LTC 0,00161255";"LTC 0,32089795"
"19/03/2019";"14:40:19";"Litecoin";"Compra";"LTC 0,32251050";"LTC 0,32251050"
"19/03/2019";"14:40:19";"Real Brasileiro";"Compra";"-R$ 74,61";"R$ 5.925,39"
"19/03/2019";"14:38:59";"Real Brasileiro";"Depósito bancário";"R$ 6.000,00";"R$ 6.000,00"
"08/03/2019";"16:22:25";"Ethereum";"Retirada para carteira externa";"-ETH 5,07020972";"ETH 0,00000000"
"08/03/2019";"16:22:25";"Ethereum";"Taxa de mineração, baixa prioridade";"-ETH 0,00009240";"ETH 5,07020972"
"08/03/2019";"15:30:09";"Ethereum";"Retirada para carteira externa";"-ETH 6,19978580";"ETH 5,07030212"
"08/03/2019";"15:30:09";"Ethereum";"Taxa de mineração, alta prioridade";"-ETH 0,00021420";"ETH 11,27008792"
"08/03/2019";"14:59:19";"Ethereum";"Taxa sobre compra - Executora";"-ETH 0,00126365";"ETH 11,27030212"
"08/03/2019";"14:59:19";"Ethereum";"Compra";"ETH 0,25273052";"ETH 11,27156577"
"08/03/2019";"14:59:19";"Real Brasileiro";"Compra";"-R$ 134,44";"R$ 0,00"
"08/03/2019";"14:58:23";"Ethereum";"Taxa sobre compra - Executora";"-ETH 0,00277468";"ETH 11,01883525"
"08/03/2019";"14:58:23";"Ethereum";"Compra";"ETH 0,55493601";"ETH 11,02160993"
"08/03/2019";"14:58:23";"Real Brasileiro";"Compra";"-R$ 294,69";"R$ 134,44"
"08/03/2019";"14:57:27";"Ethereum";"Taxa sobre compra - Executora";"-ETH 0,01229775";"ETH 10,46667392"
"08/03/2019";"14:57:27";"Ethereum";"Compra";"ETH 2,45955021";"ETH 10,47897167"
"08/03/2019";"14:57:27";"Real Brasileiro";"Compra";"-R$ 1.306,12";"R$ 429,13"
"08/03/2019";"14:56:09";"Ethereum";"Taxa sobre compra - Executada";"-ETH 0,01125667";"ETH 8,01942146"
"08/03/2019";"14:56:09";"Ethereum";"Compra";"ETH 4,50266865";"ETH 8,03067813"
"08/03/2019";"14:56:09";"Real Brasileiro";"Compra";"-R$ 2.385,92";"R$ 1.735,25"
"08/03/2019";"14:55:26";"Ethereum";"Taxa sobre compra - Executora";"-ETH 0,01464328";"ETH 3,52800948"
"08/03/2019";"14:55:26";"Ethereum";"Compra";"ETH 2,92865620";"ETH 3,54265276"
"08/03/2019";"14:55:26";"Real Brasileiro";"Compra";"-R$ 1.551,87";"R$ 4.121,17"
"08/03/2019";"14:55:26";"Ethereum";"Taxa sobre compra - Executora";"-ETH 0,00308541";"ETH 0,61399656"
"08/03/2019";"14:55:26";"Ethereum";"Compra";"ETH 0,61708197";"ETH 0,61708197"
"08/03/2019";"14:55:26";"Real Brasileiro";"Compra";"-R$ 326,97";"R$ 5.673,04"
"08/03/2019";"14:54:11";"Real Brasileiro";"Depósito bancário";"R$ 6.000,00";"R$ 6.000,01"
"05/03/2019";"09:21:10";"Bitcoin";"Retirada para carteira externa";"-BTC 0,44753409";"BTC 0,00000000"
"05/03/2019";"09:21:10";"Bitcoin";"Taxa de mineração, baixa prioridade";"-BTC 0,00010000";"BTC 0,44753409"
"05/03/2019";"09:16:18";"Bitcoin";"Taxa sobre compra - Executada";"-BTC 0,00008312";"BTC 0,44763409"
"05/03/2019";"09:16:18";"Bitcoin";"Compra";"BTC 0,03324668";"BTC 0,44771721"
"05/03/2019";"09:16:18";"Real Brasileiro";"Compra";"-R$ 484,46";"R$ 0,01"
"05/03/2019";"09:16:18";"Bitcoin";"Taxa sobre compra - Executora";"-BTC 0,00024500";"BTC 0,41447053"
"05/03/2019";"09:16:18";"Bitcoin";"Compra";"BTC 0,04900000";"BTC 0,41471553"
"05/03/2019";"09:16:18";"Real Brasileiro";"Compra";"-R$ 714,01";"R$ 484,47"
"05/03/2019";"09:16:18";"Bitcoin";"Taxa sobre compra - Executora";"-BTC 0,00042950";"BTC 0,36571553"
"05/03/2019";"09:16:18";"Bitcoin";"Compra";"BTC 0,08590000";"BTC 0,36614503"
"05/03/2019";"09:16:18";"Real Brasileiro";"Compra";"-R$ 1.251,70";"R$ 1.198,48"
"05/03/2019";"09:16:18";"Bitcoin";"Taxa sobre compra - Executora";"-BTC 0,00010327";"BTC 0,28024503"
"05/03/2019";"09:16:18";"Bitcoin";"Compra";"BTC 0,02065392";"BTC 0,28034830"
"05/03/2019";"09:16:18";"Real Brasileiro";"Compra";"-R$ 300,96";"R$ 2.450,18"
"05/03/2019";"08:55:33";"Bitcoin";"Taxa sobre compra - Executada";"-BTC 0,00001479";"BTC 0,25969438"
"05/03/2019";"08:55:33";"Bitcoin";"Compra";"BTC 0,00591400";"BTC 0,25970917"
"05/03/2019";"08:55:33";"Real Brasileiro";"Compra";"-R$ 86,16";"R$ 2.751,14"
"05/03/2019";"08:54:35";"Bitcoin";"Taxa sobre compra - Executada";"-BTC 0,00004226";"BTC 0,25379517"
"05/03/2019";"08:54:35";"Bitcoin";"Compra";"BTC 0,01690325";"BTC 0,25383743"
"05/03/2019";"08:54:35";"Real Brasileiro";"Compra";"-R$ 246,26";"R$ 2.837,30"
"05/03/2019";"08:54:25";"Bitcoin";"Taxa sobre compra - Executora";"-BTC 0,00085900";"BTC 0,23693418"
"05/03/2019";"08:54:25";"Bitcoin";"Compra";"BTC 0,17180000";"BTC 0,23779318"
"05/03/2019";"08:54:25";"Real Brasileiro";"Compra";"-R$ 2.502,93";"R$ 3.083,56"
"05/03/2019";"08:54:25";"Bitcoin";"Taxa sobre compra - Executora";"-BTC 0,00001923";"BTC 0,06599318"
"05/03/2019";"08:54:25";"Bitcoin";"Compra";"BTC 0,00384585";"BTC 0,06601241"
"05/03/2019";"08:54:25";"Real Brasileiro";"Compra";"-R$ 56,03";"R$ 5.586,49"
"05/03/2019";"08:54:25";"Bitcoin";"Taxa sobre compra - Executora";"-BTC 0,00025000";"BTC 0,06216656"
"05/03/2019";"08:54:25";"Bitcoin";"Compra";"BTC 0,05000000";"BTC 0,06241656"
"05/03/2019";"08:54:25";"Real Brasileiro";"Compra";"-R$ 728,44";"R$ 5.642,52"
"05/03/2019";"08:54:25";"Bitcoin";"Taxa sobre compra - Executora";"-BTC 0,00006239";"BTC 0,01241656"
"05/03/2019";"08:54:25";"Bitcoin";"Compra";"BTC 0,01247895";"BTC 0,01247895"
"05/03/2019";"08:54:25";"Real Brasileiro";"Compra";"-R$ 181,80";"R$ 6.370,96"
"02/03/2019";"11:32:52";"Bitcoin";"Retirada para carteira externa";"-BTC 0,20037012";"BTC 0,00000000"
"02/03/2019";"11:32:52";"Bitcoin";"Taxa de mineração, baixa prioridade";"-BTC 0,00010000";"BTC 0,20037012"
"02/03/2019";"11:20:39";"Bitcoin";"Taxa sobre compra - Executora";"-BTC 0,00004237";"BTC 0,20047012"
"02/03/2019";"11:20:39";"Bitcoin";"Compra";"BTC 0,00847481";"BTC 0,20051249"
"02/03/2019";"11:20:39";"Real Brasileiro";"Compra";"-R$ 126,19";"R$ 6.552,76"
"02/03/2019";"11:20:39";"Bitcoin";"Taxa sobre compra - Executora";"-BTC 0,00045000";"BTC 0,19203768"
"02/03/2019";"11:20:39";"Bitcoin";"Compra";"BTC 0,09000000";"BTC 0,19248768"
"02/03/2019";"11:20:39";"Real Brasileiro";"Compra";"-R$ 1.340,10";"R$ 6.678,95"
"02/03/2019";"11:20:39";"Bitcoin";"Taxa sobre compra - Executora";"-BTC 0,00025000";"BTC 0,10248768"
"02/03/2019";"11:20:39";"Bitcoin";"Compra";"BTC 0,05000000";"BTC 0,10273768"
"02/03/2019";"11:20:39";"Real Brasileiro";"Compra";"-R$ 743,16";"R$ 8.019,05"
"02/03/2019";"11:20:39";"Bitcoin";"Taxa sobre compra - Executora";"-BTC 0,00016501";"BTC 0,05273768"
"02/03/2019";"11:20:39";"Bitcoin";"Compra";"BTC 0,03300269";"BTC 0,05290269"
"02/03/2019";"11:20:39";"Real Brasileiro";"Compra";"-R$ 490,53";"R$ 8.762,21"
"02/03/2019";"11:20:39";"Bitcoin";"Taxa sobre compra - Executora";"-BTC 0,00010000";"BTC 0,01990000"
"02/03/2019";"11:20:39";"Bitcoin";"Compra";"BTC 0,02000000";"BTC 0,02000000"
"02/03/2019";"11:20:39";"Real Brasileiro";"Compra";"-R$ 297,26";"R$ 9.252,74"
"28/02/2019";"18:00:17";"Real Brasileiro";"Depósito bancário";"R$ 9.550,00";"R$ 9.550,00"
"25/02/2019";"10:10:13";"Bitcoin";"Retirada para carteira externa";"-BTC 0,10314773";"BTC 0,00000000"
"25/02/2019";"10:10:13";"Bitcoin";"Taxa de mineração, baixa prioridade";"-BTC 0,00014016";"BTC 0,10314773"
"25/02/2019";"10:07:28";"Bitcoin";"Taxa sobre compra - Executora";"-BTC 0,00051903";"BTC 0,10328789"
"25/02/2019";"10:07:28";"Bitcoin";"Compra";"BTC 0,10380692";"BTC 0,10380692"
"25/02/2019";"10:07:28";"Real Brasileiro";"Compra";"-R$ 1.500,01";"R$ 0,00"
"25/02/2019";"10:05:02";"Real Brasileiro";"Depósito bancário";"R$ 1.500,01";"R$ 1.500,01"
"19/02/2019";"12:14:47";"Bitcoin";"Retirada para carteira externa";"-BTC 0,45367656";"BTC 0,00000000"
"19/02/2019";"12:14:47";"Bitcoin";"Taxa de mineração, baixa prioridade";"-BTC 0,00027594";"BTC 0,45367656"
"19/02/2019";"12:09:12";"Bitcoin";"Retirada para carteira externa";"-BTC 0,30208312";"BTC 0,45395250"
"19/02/2019";"12:09:12";"Bitcoin";"Taxa de mineração, prioridade normal";"-BTC 0,00055188";"BTC 0,75603562"
"19/02/2019";"11:50:06";"Bitcoin";"Taxa sobre compra - Executada";"-BTC 0,00189621";"BTC 0,75658750"
"19/02/2019";"11:50:06";"Bitcoin";"Compra";"BTC 0,75848371";"BTC 0,75848371"
"19/02/2019";"11:50:06";"Real Brasileiro";"Compra";"-R$ 11.250,02";"R$ 0,00"
"19/02/2019";"11:42:14";"Real Brasileiro";"Depósito bancário";"R$ 11.250,00";"R$ 11.250,02"
"18/02/2019";"08:10:42";"Bitcoin";"Retirada para carteira externa";"-BTC 0,15884820";"BTC 0,00000000"
"18/02/2019";"08:10:42";"Bitcoin";"Taxa de mineração, baixa prioridade";"-BTC 0,00010512";"BTC 0,15884820"
"18/02/2019";"08:05:36";"Bitcoin";"Taxa sobre compra - Executora";"-BTC 0,00006702";"BTC 0,15895332"
"18/02/2019";"08:05:36";"Bitcoin";"Compra";"BTC 0,01340437";"BTC 0,15902034"
"18/02/2019";"08:05:36";"Real Brasileiro";"Compra";"-R$ 184,78";"R$ 0,02"
"18/02/2019";"08:05:36";"Bitcoin";"Taxa sobre compra - Executora";"-BTC 0,00053850";"BTC 0,14561597"
"18/02/2019";"08:05:36";"Bitcoin";"Compra";"BTC 0,10769905";"BTC 0,14615447"
"18/02/2019";"08:05:36";"Real Brasileiro";"Compra";"-R$ 1.484,67";"R$ 184,80"
"18/02/2019";"08:03:41";"Bitcoin";"Taxa sobre compra - Executada";"-BTC 0,00006252";"BTC 0,03845542"
"18/02/2019";"08:03:41";"Bitcoin";"Compra";"BTC 0,02500817";"BTC 0,03851794"
"18/02/2019";"08:03:41";"Real Brasileiro";"Compra";"-R$ 343,86";"R$ 1.669,47"
"18/02/2019";"08:03:12";"Bitcoin";"Taxa sobre compra - Executada";"-BTC 0,00000093";"BTC 0,01350977"
"18/02/2019";"08:03:12";"Bitcoin";"Compra";"BTC 0,00037024";"BTC 0,01351070"
"18/02/2019";"08:03:12";"Real Brasileiro";"Compra";"-R$ 5,09";"R$ 2.013,33"
"18/02/2019";"08:02:53";"Bitcoin";"Taxa sobre compra - Executada";"-BTC 0,00000093";"BTC 0,01314046"
"18/02/2019";"08:02:53";"Bitcoin";"Compra";"BTC 0,00037024";"BTC 0,01314139"
"18/02/2019";"08:02:53";"Real Brasileiro";"Compra";"-R$ 5,09";"R$ 2.018,42"
"18/02/2019";"08:02:36";"Bitcoin";"Taxa sobre compra - Executora";"-BTC 0,00003701";"BTC 0,01277115"
"18/02/2019";"08:02:36";"Bitcoin";"Compra";"BTC 0,00740266";"BTC 0,01280816"
"18/02/2019";"08:02:36";"Real Brasileiro";"Compra";"-R$ 101,79";"R$ 2.023,51"
"18/02/2019";"08:02:36";"Bitcoin";"Taxa sobre compra - Executora";"-BTC 0,00001230";"BTC 0,00540550"
"18/02/2019";"08:02:36";"Bitcoin";"Compra";"BTC 0,00246056";"BTC 0,00541780"
"18/02/2019";"08:02:36";"Real Brasileiro";"Compra";"-R$ 33,83";"R$ 2.125,30"
"18/02/2019";"08:02:36";"Bitcoin";"Taxa sobre compra - Executora";"-BTC 0,00001486";"BTC 0,00295724"
"18/02/2019";"08:02:36";"Bitcoin";"Compra";"BTC 0,00297210";"BTC 0,00297210"
"18/02/2019";"08:02:36";"Real Brasileiro";"Compra";"-R$ 40,87";"R$ 2.159,13"
"18/02/2019";"07:58:57";"Real Brasileiro";"Depósito bancário";"R$ 2.200,00";"R$ 2.200,00"
"13/02/2019";"09:20:49";"Bitcoin";"Retirada para carteira externa";"-BTC 0,43737489";"BTC 0,00000000"
"13/02/2019";"09:20:49";"Bitcoin";"Taxa de mineração, baixa prioridade";"-BTC 0,00013140";"BTC 0,43737489"
"13/02/2019";"09:08:00";"Bitcoin";"Taxa sobre compra - Executora";"-BTC 0,00193239";"BTC 0,43750629"
"13/02/2019";"09:08:00";"Bitcoin";"Compra";"BTC 0,38647811";"BTC 0,43943868"
"13/02/2019";"09:08:00";"Real Brasileiro";"Compra";"-R$ 5.275,42";"R$ 0,00"
"13/02/2019";"09:08:00";"Bitcoin";"Taxa sobre compra - Executora";"-BTC 0,00010743";"BTC 0,05296057"
"13/02/2019";"09:08:00";"Bitcoin";"Compra";"BTC 0,02148556";"BTC 0,05306800"
"13/02/2019";"09:08:00";"Real Brasileiro";"Compra";"-R$ 293,28";"R$ 5.275,42"
"13/02/2019";"09:06:05";"Bitcoin";"Taxa sobre compra - Executora";"-BTC 0,00003319";"BTC 0,03158244"
"13/02/2019";"09:06:05";"Bitcoin";"Compra";"BTC 0,00663800";"BTC 0,03161563"
"13/02/2019";"09:06:05";"Real Brasileiro";"Compra";"-R$ 90,48";"R$ 5.568,70"
"13/02/2019";"09:06:05";"Bitcoin";"Taxa sobre compra - Executora";"-BTC 0,00002083";"BTC 0,02497763"
"13/02/2019";"09:06:05";"Bitcoin";"Compra";"BTC 0,00416633";"BTC 0,02499846"
"13/02/2019";"09:06:05";"Real Brasileiro";"Compra";"-R$ 56,79";"R$ 5.659,18"
"13/02/2019";"08:53:56";"Bitcoin";"Taxa sobre compra - Executada";"-BTC 0,00005221";"BTC 0,02083213"
"13/02/2019";"08:53:56";"Bitcoin";"Compra";"BTC 0,02088434";"BTC 0,02088434"
"13/02/2019";"08:53:56";"Real Brasileiro";"Compra";"-R$ 284,03";"R$ 5.715,97"
"12/02/2019";"10:55:13";"Real Brasileiro";"Depósito bancário";"R$ 6.000,00";"R$ 6.000,00"
"08/02/2019";"11:48:12";"Bitcoin";"Retirada para carteira externa";"-BTC 0,06588549";"BTC 0,00000000"
"08/02/2019";"11:48:12";"Bitcoin";"Taxa de mineração, baixa prioridade";"-BTC 0,00010000";"BTC 0,06588549"
"08/02/2019";"11:45:41";"Ethereum";"Retirada para carteira externa";"-ETH 1,62119506";"ETH 0,00000000"
"08/02/2019";"11:45:41";"Ethereum";"Taxa de mineração, baixa prioridade";"-ETH 0,00013860";"ETH 1,62119506"
"08/02/2019";"11:33:58";"Ethereum";"Taxa sobre compra - Executora";"-ETH 0,00814741";"ETH 1,62133366"
"08/02/2019";"11:33:58";"Ethereum";"Compra";"ETH 1,62948107";"ETH 1,62948107"
"08/02/2019";"11:33:58";"Real Brasileiro";"Compra";"-R$ 650,00";"R$ 0,00"
"08/02/2019";"11:31:57";"Bitcoin";"Taxa sobre compra - Executora";"-BTC 0,00028969";"BTC 0,06598549"
"08/02/2019";"11:31:57";"Bitcoin";"Compra";"BTC 0,05793842";"BTC 0,06627518"
"08/02/2019";"11:31:57";"Real Brasileiro";"Compra";"-R$ 743,23";"R$ 650,00"
"08/02/2019";"11:28:55";"Bitcoin";"Taxa sobre compra - Executada";"-BTC 0,00001842";"BTC 0,00833676"
"08/02/2019";"11:28:55";"Bitcoin";"Compra";"BTC 0,00736926";"BTC 0,00835518"
"08/02/2019";"11:28:55";"Real Brasileiro";"Compra";"-R$ 94,14";"R$ 1.393,23"
"08/02/2019";"11:28:02";"Bitcoin";"Taxa sobre compra - Executada";"-BTC 0,00000247";"BTC 0,00098592"
"08/02/2019";"11:28:02";"Bitcoin";"Compra";"BTC 0,00098839";"BTC 0,00098839"
"08/02/2019";"11:28:02";"Real Brasileiro";"Compra";"-R$ 12,63";"R$ 1.487,37"
"08/02/2019";"11:22:04";"Real Brasileiro";"Depósito bancário";"R$ 1.500,00";"R$ 1.500,00"
"19/01/2019";"17:14:44";"Bitcoin";"Retirada para carteira externa";"-BTC 0,05292755";"BTC 0,00000000"
"19/01/2019";"17:14:44";"Bitcoin";"Taxa de mineração, baixa prioridade";"-BTC 0,00010000";"BTC 0,05292755"
"19/01/2019";"10:50:19";"Bitcoin";"Taxa sobre compra - Executada";"-BTC 0,00002356";"BTC 0,05302755"
"19/01/2019";"10:50:19";"Bitcoin";"Compra";"BTC 0,00942553";"BTC 0,05305111"
"19/01/2019";"10:50:19";"Real Brasileiro";"Compra";"-R$ 132,90";"R$ 0,00"
"19/01/2019";"10:25:00";"Bitcoin";"Taxa sobre compra - Executada";"-BTC 0,00010934";"BTC 0,04362558"
"19/01/2019";"10:25:00";"Bitcoin";"Compra";"BTC 0,04373492";"BTC 0,04373492"
"19/01/2019";"10:25:00";"Real Brasileiro";"Compra";"-R$ 617,10";"R$ 132,90"
"18/01/2019";"20:22:19";"Bitcoin";"Retirada para carteira externa";"-BTC 0,05370705";"BTC 0,00000000"
"18/01/2019";"20:22:19";"Bitcoin";"Taxa de mineração, baixa prioridade";"-BTC 0,00010000";"BTC 0,05370705"
"18/01/2019";"15:42:23";"Bitcoin";"Taxa sobre compra - Executora";"-BTC 0,00027039";"BTC 0,05380705"
"18/01/2019";"15:42:23";"Bitcoin";"Compra";"BTC 0,05407744";"BTC 0,05407744"
"18/01/2019";"15:42:23";"Real Brasileiro";"Compra";"-R$ 750,00";"R$ 750,00"
"18/01/2019";"14:15:10";"Real Brasileiro";"Depósito bancário";"R$ 1.500,00";"R$ 1.500,00"
"02/01/2019";"19:47:42";"Bitcoin";"Retirada para carteira externa";"-BTC 0,13100769";"BTC 0,00000000"
"02/01/2019";"19:47:42";"Bitcoin";"Taxa de mineração, prioridade normal";"-BTC 0,00010000";"BTC 0,13100769"
"02/01/2019";"19:42:48";"Bitcoin";"Retirada para carteira externa";"-BTC 0,10000000";"BTC 0,13110769"
"02/01/2019";"19:42:48";"Bitcoin";"Taxa de mineração, prioridade normal";"-BTC 0,00010000";"BTC 0,23110769"
"02/01/2019";"18:08:54";"Bitcoin";"Taxa sobre compra - Executada";"-BTC 0,00057947";"BTC 0,23120769"
"02/01/2019";"18:08:54";"Bitcoin";"Compra";"BTC 0,23178716";"BTC 0,23178716"
"02/01/2019";"18:08:54";"Real Brasileiro";"Compra";"-R$ 3.500,00";"R$ 0,00"
"02/01/2019";"16:07:02";"Real Brasileiro";"Depósito bancário";"R$ 3.500,00";"R$ 3.500,00"
"27/12/2018";"12:20:21";"Bitcoin";"Retirada para carteira externa";"-BTC 0,07259513";"BTC 0,00000000"
"27/12/2018";"12:20:21";"Bitcoin";"Taxa de mineração, alta prioridade";"-BTC 0,00024528";"BTC 0,07259513"
"27/12/2018";"12:13:56";"Bitcoin";"Taxa sobre compra - Executora";"-BTC 0,00036603";"BTC 0,07284041"
"27/12/2018";"12:13:56";"Bitcoin";"Compra";"BTC 0,07320644";"BTC 0,07320644"
"27/12/2018";"12:13:56";"Real Brasileiro";"Compra";"-R$ 1.100,00";"R$ 0,00"
"27/12/2018";"12:01:57";"Real Brasileiro";"Depósito bancário";"R$ 1.100,00";"R$ 1.100,00"
"26/12/2018";"12:59:14";"Bitcoin";"Retirada para carteira externa";"-BTC 0,45253251";"BTC 0,00000000"
"26/12/2018";"12:59:14";"Bitcoin";"Taxa de mineração, alta prioridade";"-BTC 0,00035040";"BTC 0,45253251"
"26/12/2018";"12:15:38";"Bitcoin";"Taxa sobre compra - Executada";"-BTC 0,00113504";"BTC 0,45288291"
"26/12/2018";"12:15:38";"Bitcoin";"Compra";"BTC 0,45401795";"BTC 0,45401795"
"26/12/2018";"12:15:38";"Real Brasileiro";"Compra";"-R$ 6.901,99";"R$ 0,00"
"26/12/2018";"12:04:04";"Real Brasileiro";"Depósito bancário";"R$ 6.900,00";"R$ 6.901,99"
"12/12/2018";"19:24:54";"Bitcoin";"Retirada para carteira externa";"-BTC 0,58361337";"BTC 0,00000000"
"12/12/2018";"19:24:54";"Bitcoin";"Taxa de mineração, alta prioridade";"-BTC 0,00035040";"BTC 0,58361337"
"12/12/2018";"19:17:37";"Bitcoin";"Taxa sobre compra - Executora";"-BTC 0,00192785";"BTC 0,58396377"
"12/12/2018";"19:17:37";"Bitcoin";"Compra";"BTC 0,38557065";"BTC 0,58589162"
"12/12/2018";"19:17:37";"Real Brasileiro";"Compra";"-R$ 5.255,71";"R$ 1,99"
"12/12/2018";"19:17:37";"Bitcoin";"Taxa sobre compra - Executora";"-BTC 0,00022600";"BTC 0,20032097"
"12/12/2018";"19:17:37";"Bitcoin";"Compra";"BTC 0,04520038";"BTC 0,20054697"
"12/12/2018";"19:17:37";"Real Brasileiro";"Compra";"-R$ 615,86";"R$ 5.257,70"
"12/12/2018";"19:17:37";"Bitcoin";"Taxa sobre compra - Executora";"-BTC 0,00008908";"BTC 0,15534659"
"12/12/2018";"19:17:37";"Bitcoin";"Compra";"BTC 0,01781699";"BTC 0,15543567"
"12/12/2018";"19:17:37";"Real Brasileiro";"Compra";"-R$ 242,67";"R$ 5.873,56"
"12/12/2018";"19:17:37";"Bitcoin";"Taxa sobre compra - Executora";"-BTC 0,00069155";"BTC 0,13761868"
"12/12/2018";"19:17:37";"Bitcoin";"Compra";"BTC 0,13831023";"BTC 0,13831023"
"12/12/2018";"19:17:37";"Real Brasileiro";"Compra";"-R$ 1.883,78";"R$ 6.116,23"
"12/12/2018";"19:01:00";"Real Brasileiro";"Depósito bancário";"R$ 8.000,00";"R$ 8.000,01"
"03/12/2018";"18:03:48";"Bitcoin";"Retirada para carteira externa";"-BTC 0,46564768";"BTC 0,00000000"
"03/12/2018";"18:03:48";"Bitcoin";"Taxa de mineração, alta prioridade";"-BTC 0,00075336";"BTC 0,46564768"
"03/12/2018";"17:52:29";"Bitcoin";"Taxa sobre compra - Executada";"-BTC 0,00000926";"BTC 0,46640104"
"03/12/2018";"17:52:29";"Bitcoin";"Compra";"BTC 0,00370276";"BTC 0,46641030"
"03/12/2018";"17:52:29";"Real Brasileiro";"Compra";"-R$ 55,43";"R$ 0,01"
"03/12/2018";"17:52:16";"Bitcoin";"Taxa sobre compra - Executada";"-BTC 0,00006104";"BTC 0,46270754"
"03/12/2018";"17:52:16";"Bitcoin";"Compra";"BTC 0,02441407";"BTC 0,46276858"
"03/12/2018";"17:52:16";"Real Brasileiro";"Compra";"-R$ 365,50";"R$ 55,44"
"03/12/2018";"17:52:04";"Bitcoin";"Taxa sobre compra - Executada";"-BTC 0,00012207";"BTC 0,43835451"
"03/12/2018";"17:52:04";"Bitcoin";"Compra";"BTC 0,04882813";"BTC 0,43847658"
"03/12/2018";"17:52:04";"Real Brasileiro";"Compra";"-R$ 731,01";"R$ 420,94"
"03/12/2018";"17:51:52";"Bitcoin";"Taxa sobre compra - Executada";"-BTC 0,00097656";"BTC 0,38964845"
"03/12/2018";"17:51:52";"Bitcoin";"Compra";"BTC 0,39062501";"BTC 0,39062501"
"03/12/2018";"17:51:52";"Real Brasileiro";"Compra";"-R$ 5.848,05";"R$ 1.151,95"
"03/12/2018";"16:07:16";"Real Brasileiro";"Depósito bancário";"R$ 7.000,00";"R$ 7.000,00"